<?xml version="1.0" encoding="UTF-8"?>
<Document xmlns="urn:iso:std:iso:20022:tech:xsd:camt.053.001.02" xmlns:xsi="http://www.w3.org/2001/XMLSchema-instance">
<BkToCstmrStmt>
<GrpHdr>
<MsgId>9910201098100202605280509442943</MsgId>
<CreDtTm>2026-05-28T05:09:44</CreDtTm>
<MsgRcpt>
<Nm>98100</Nm>
</MsgRcpt>
</GrpHdr>
<Stmt>
<Id>000025578418BCC</Id>
<CreDtTm>2026-05-28T05:09:44</CreDtTm>
<Acct>
<Id>
<Othr>
<Id>000025578418</Id>
</Othr>
</Id>
</Acct>
<Bal>
<Tp>
<CdOrPrtry>
<Cd>CLBD</Cd>
</CdOrPrtry>
</Tp>
<Amt Ccy="CAD">0000001429082.36</Amt>
<CdtDbtInd>CRDT</CdtDbtInd>
<Dt>
<Dt>2026-05-27</Dt>
</Dt>
</Bal>
<Bal>
<Tp>
<CdOrPrtry>
<Cd>OPBD</Cd>
</CdOrPrtry>
</Tp>
<Amt Ccy="CAD">0000001523777.55</Amt>
<CdtDbtInd>CRDT</CdtDbtInd>
<Dt>
<Dt>2026-05-27</Dt>
</Dt>
</Bal>
<TxsSummry>
<TtlCdtNtries>
<NbOfNtries>00005</NbOfNtries>
<Sum>00000029856.16</Sum>
</TtlCdtNtries>
<TtlDbtNtries>
<NbOfNtries>00005</NbOfNtries>
<Sum>00000124551.35</Sum>
</TtlDbtNtries>
</TxsSummry>
<Ntry>
<Amt Ccy="CAD">0000000095422.32</Amt>
<CdtDbtInd>DBIT</CdtDbtInd>
<RvslInd>false</RvslInd>
<Sts>BOOK</Sts>
<ValDt>
<Dt>2026-05-27</Dt>
</ValDt>
<BkTxCd>
<Domn>
<Cd>PMNT</Cd>
<Fmly>
<Cd>IDDT</Cd>
<SubFmlyCd>PADD</SubFmlyCd>
</Fmly>
</Domn>
</BkTxCd>
<NtryDtls>
<TxDtls>
<AddtlTxInf>PREAUTHORIZED DEBIT           ,CUST # PPA 0914               ,CUST # PPA 0914 BUSINESS PAD  ,TN0000010700000479738102</AddtlTxInf>
</TxDtls>
</NtryDtls>
</Ntry>
<Ntry>
<Amt Ccy="CAD">0000000028000.00</Amt>
<CdtDbtInd>DBIT</CdtDbtInd>
<RvslInd>false</RvslInd>
<Sts>BOOK</Sts>
<ValDt>
<Dt>2026-05-27</Dt>
</ValDt>
<BkTxCd>
<Domn>
<Cd>PMNT</Cd>
<Fmly>
<Cd>ICDT</Cd>
<SubFmlyCd>BOOK</SubFmlyCd>
</Fmly>
</Domn>
</BkTxCd>
<NtryDtls>
<TxDtls>
<AddtlTxInf>CMO TRANSFER                  ,TO: 00002/55-78515            </AddtlTxInf>
</TxDtls>
</NtryDtls>
</Ntry>
<Ntry>
<Amt Ccy="CAD">0000000000792.68</Amt>
<CdtDbtInd>DBIT</CdtDbtInd>
<RvslInd>false</RvslInd>
<Sts>BOOK</Sts>
<ValDt>
<Dt>2026-05-27</Dt>
</ValDt>
<BkTxCd>
<Domn>
<Cd>PMNT</Cd>
<Fmly>
<Cd>ICDT</Cd>
<SubFmlyCd>BOOK</SubFmlyCd>
</Fmly>
</Domn>
</BkTxCd>
<NtryDtls>
<TxDtls>
<AddtlTxInf>CMO TRANSFER                  ,TO: 00002/55-78515            </AddtlTxInf>
</TxDtls>
</NtryDtls>
</Ntry>
<Ntry>
<Amt Ccy="CAD">0000000000186.35</Amt>
<CdtDbtInd>DBIT</CdtDbtInd>
<RvslInd>false</RvslInd>
<Sts>BOOK</Sts>
<ValDt>
<Dt>2026-05-27</Dt>
</ValDt>
<BkTxCd>
<Domn>
<Cd>ACMT</Cd>
<Fmly>
<Cd>MDOP</Cd>
<SubFmlyCd>OTHR</SubFmlyCd>
</Fmly>
</Domn>
</BkTxCd>
<NtryDtls>
<TxDtls>
<AddtlTxInf>DEBIT MEMO                    ,SETTLEMENT 3249               ,CIBC DATA CENTRE 01020        ,TN0000010203249478717552</AddtlTxInf>
</TxDtls>
</NtryDtls>
</Ntry>
<Ntry>
<Amt Ccy="CAD">0000000000150.00</Amt>
<CdtDbtInd>DBIT</CdtDbtInd>
<RvslInd>false</RvslInd>
<Sts>BOOK</Sts>
<ValDt>
<Dt>2026-05-27</Dt>
</ValDt>
<BkTxCd>
<Domn>
<Cd>PMNT</Cd>
<Fmly>
<Cd>ICDT</Cd>
<SubFmlyCd>BOOK</SubFmlyCd>
</Fmly>
</Domn>
</BkTxCd>
<NtryDtls>
<TxDtls>
<AddtlTxInf>CMO TRANSFER                  ,TO: 00002/55-78515            </AddtlTxInf>
</TxDtls>
</NtryDtls>
</Ntry>
<Ntry>
<Amt Ccy="CAD">0000000018730.18</Amt>
<CdtDbtInd>CRDT</CdtDbtInd>
<RvslInd>false</RvslInd>
<Sts>BOOK</Sts>
<ValDt>
<Dt>2026-05-27</Dt>
</ValDt>
<BkTxCd>
<Domn>
<Cd>PMNT</Cd>
<Fmly>
<Cd>RCDT</Cd>
<SubFmlyCd>BOOK</SubFmlyCd>
</Fmly>
</Domn>
</BkTxCd>
<NtryDtls>
<TxDtls>
<AddtlTxInf>CMO TRANSFER                  ,FROM: 00002/55-78515          </AddtlTxInf>
</TxDtls>
</NtryDtls>
</Ntry>
<Ntry>
<Amt Ccy="CAD">0000000006706.12</Amt>
<CdtDbtInd>CRDT</CdtDbtInd>
<RvslInd>false</RvslInd>
<Sts>BOOK</Sts>
<ValDt>
<Dt>2026-05-27</Dt>
</ValDt>
<BkTxCd>
<Domn>
<Cd>PMNT</Cd>
<Fmly>
<Cd>RCDT</Cd>
<SubFmlyCd>BOOK</SubFmlyCd>
</Fmly>
</Domn>
</BkTxCd>
<NtryDtls>
<TxDtls>
<AddtlTxInf>CMO TRANSFER                  ,FROM: 00002/55-78515          </AddtlTxInf>
</TxDtls>
</NtryDtls>
</Ntry>
<Ntry>
<Amt Ccy="CAD">0000000003565.85</Amt>
<CdtDbtInd>CRDT</CdtDbtInd>
<RvslInd>false</RvslInd>
<Sts>BOOK</Sts>
<ValDt>
<Dt>2026-05-27</Dt>
</ValDt>
<BkTxCd>
<Domn>
<Cd>PMNT</Cd>
<Fmly>
<Cd>RCDT</Cd>
<SubFmlyCd>BOOK</SubFmlyCd>
</Fmly>
</Domn>
</BkTxCd>
<NtryDtls>
<TxDtls>
<AddtlTxInf>CMO TRANSFER                  ,FROM: 00002/55-78515          </AddtlTxInf>
</TxDtls>
</NtryDtls>
</Ntry>
<Ntry>
<Amt Ccy="CAD">0000000000792.68</Amt>
<CdtDbtInd>CRDT</CdtDbtInd>
<RvslInd>false</RvslInd>
<Sts>BOOK</Sts>
<ValDt>
<Dt>2026-05-27</Dt>
</ValDt>
<BkTxCd>
<Domn>
<Cd>PMNT</Cd>
<Fmly>
<Cd>RCDT</Cd>
<SubFmlyCd>BOOK</SubFmlyCd>
</Fmly>
</Domn>
</BkTxCd>
<NtryDtls>
<TxDtls>
<AddtlTxInf>CMO TRANSFER                  ,FROM: 00002/55-78515          </AddtlTxInf>
</TxDtls>
</NtryDtls>
</Ntry>
<Ntry>
<Amt Ccy="CAD">0000000000061.33</Amt>
<CdtDbtInd>CRDT</CdtDbtInd>
<RvslInd>false</RvslInd>
<Sts>BOOK</Sts>
<ValDt>
<Dt>2026-05-27</Dt>
</ValDt>
<BkTxCd>
<Domn>
<Cd>PMNT</Cd>
<Fmly>
<Cd>RCDT</Cd>
<SubFmlyCd>BOOK</SubFmlyCd>
</Fmly>
</Domn>
</BkTxCd>
<NtryDtls>
<TxDtls>
<AddtlTxInf>CMO TRANSFER                  </AddtlTxInf>
</TxDtls>
</NtryDtls>
</Ntry>
</Stmt>
<Stmt>
<Id>000025578515BCC</Id>
<CreDtTm>2026-05-28T05:09:44</CreDtTm>
<Acct>
<Id>
<Othr>
<Id>000025578515</Id>
</Othr>
</Id>
</Acct>
<Bal>
<Tp>
<CdOrPrtry>
<Cd>CLBD</Cd>
</CdOrPrtry>
</Tp>
<Amt Ccy="CAD">0000017968790.87</Amt>
<CdtDbtInd>CRDT</CdtDbtInd>
<Dt>
<Dt>2026-05-27</Dt>
</Dt>
</Bal>
<Bal>
<Tp>
<CdOrPrtry>
<Cd>OPBD</Cd>
</CdOrPrtry>
</Tp>
<Amt Ccy="CAD">0000019044086.63</Amt>
<CdtDbtInd>CRDT</CdtDbtInd>
<Dt>
<Dt>2026-05-27</Dt>
</Dt>
</Bal>
<TxsSummry>
<TtlCdtNtries>
<NbOfNtries>00010</NbOfNtries>
<Sum>00001041684.92</Sum>
</TtlCdtNtries>
<TtlDbtNtries>
<NbOfNtries>00015</NbOfNtries>
<Sum>00002116980.68</Sum>
</TtlDbtNtries>
</TxsSummry>
<Ntry>
<Amt Ccy="CAD">0000001373760.08</Amt>
<CdtDbtInd>DBIT</CdtDbtInd>
<RvslInd>false</RvslInd>
<Sts>BOOK</Sts>
<ValDt>
<Dt>2026-05-27</Dt>
</ValDt>
<BkTxCd>
<Domn>
<Cd>PMNT</Cd>
<Fmly>
<Cd>ICDT</Cd>
<SubFmlyCd>DMCT</SubFmlyCd>
</Fmly>
</Domn>
</BkTxCd>
<NtryDtls>
<TxDtls>
<AddtlTxInf>WIRE PAYMENT3818870           ,FundServ Inc.                 </AddtlTxInf>
</TxDtls>
</NtryDtls>
</Ntry>
<Ntry>
<Amt Ccy="CAD">0000000301304.05</Amt>
<CdtDbtInd>DBIT</CdtDbtInd>
<RvslInd>false</RvslInd>
<Sts>BOOK</Sts>
<ValDt>
<Dt>2026-05-27</Dt>
</ValDt>
<BkTxCd>
<Domn>
<Cd>ACMT</Cd>
<Fmly>
<Cd>MDOP</Cd>
<SubFmlyCd>OTHR</SubFmlyCd>
</Fmly>
</Domn>
</BkTxCd>
<NtryDtls>
<TxDtls>
<AddtlTxInf>DEBIT MEMO                    ,SETTLEMENT 5866               ,CIBC DATA CENTRE 01020        ,TN0000010604332480408171</AddtlTxInf>
</TxDtls>
</NtryDtls>
</Ntry>
<Ntry>
<Amt Ccy="CAD">0000000137089.01</Amt>
<CdtDbtInd>DBIT</CdtDbtInd>
<RvslInd>false</RvslInd>
<Sts>BOOK</Sts>
<ValDt>
<Dt>2026-05-27</Dt>
</ValDt>
<BkTxCd>
<Domn>
<Cd>PMNT</Cd>
<Fmly>
<Cd>ICDT</Cd>
<SubFmlyCd>DMCT</SubFmlyCd>
</Fmly>
</Domn>
</BkTxCd>
<NtryDtls>
<TxDtls>
<AddtlTxInf>WIRE PAYMENT3818952           ,FundServ Inc.                 </AddtlTxInf>
</TxDtls>
</NtryDtls>
</Ntry>
<Ntry>
<Amt Ccy="CAD">0000000114418.81</Amt>
<CdtDbtInd>DBIT</CdtDbtInd>
<RvslInd>false</RvslInd>
<Sts>BOOK</Sts>
<ValDt>
<Dt>2026-05-27</Dt>
</ValDt>
<BkTxCd>
<Domn>
<Cd>PMNT</Cd>
<Fmly>
<Cd>RCDT</Cd>
<SubFmlyCd>ARET</SubFmlyCd>
</Fmly>
</Domn>
</BkTxCd>
<NtryDtls>
<TxDtls>
<AddtlTxInf>EFT RETURNED ITEM             ,AGORA DEALER SERVICES         ,,TN0101815100147000001033</AddtlTxInf>
</TxDtls>
</NtryDtls>
</Ntry>
<Ntry>
<Amt Ccy="CAD">0000000087500.00</Amt>
<CdtDbtInd>DBIT</CdtDbtInd>
<RvslInd>false</RvslInd>
<Sts>BOOK</Sts>
<ValDt>
<Dt>2026-05-27</Dt>
</ValDt>
<BkTxCd>
<Domn>
<Cd>ACMT</Cd>
<Fmly>
<Cd>MDOP</Cd>
<SubFmlyCd>OTHR</SubFmlyCd>
</Fmly>
</Domn>
</BkTxCd>
<NtryDtls>
<TxDtls>
<AddtlTxInf>DEBIT MEMO                    ,SETTLEMENT 5858               ,CIBC DATA CENTRE 01020        ,TN0000010604327474448526</AddtlTxInf>
</TxDtls>
</NtryDtls>
</Ntry>
<Ntry>
<Amt Ccy="CAD">0000000050000.00</Amt>
<CdtDbtInd>DBIT</CdtDbtInd>
<RvslInd>false</RvslInd>
<Sts>BOOK</Sts>
<ValDt>
<Dt>2026-05-27</Dt>
</ValDt>
<BkTxCd>
<Domn>
<Cd>ACMT</Cd>
<Fmly>
<Cd>MDOP</Cd>
<SubFmlyCd>OTHR</SubFmlyCd>
</Fmly>
</Domn>
</BkTxCd>
<NtryDtls>
<TxDtls>
<AddtlTxInf>DEBIT MEMO                    ,SETTLEMENT 5859               ,CIBC DATA CENTRE 01020        ,TN0000010604328474448528</AddtlTxInf>
</TxDtls>
</NtryDtls>
</Ntry>
<Ntry>
<Amt Ccy="CAD">0000000019483.60</Amt>
<CdtDbtInd>DBIT</CdtDbtInd>
<RvslInd>false</RvslInd>
<Sts>BOOK</Sts>
<ValDt>
<Dt>2026-05-27</Dt>
</ValDt>
<BkTxCd>
<Domn>
<Cd>PMNT</Cd>
<Fmly>
<Cd>ICDT</Cd>
<SubFmlyCd>DMCT</SubFmlyCd>
</Fmly>
</Domn>
</BkTxCd>
<NtryDtls>
<TxDtls>
<AddtlTxInf>WIRE PAYMENT3818773           ,FundServ Inc.                 </AddtlTxInf>
</TxDtls>
</NtryDtls>
</Ntry>
<Ntry>
<Amt Ccy="CAD">0000000018730.18</Amt>
<CdtDbtInd>DBIT</CdtDbtInd>
<RvslInd>false</RvslInd>
<Sts>BOOK</Sts>
<ValDt>
<Dt>2026-05-27</Dt>
</ValDt>
<BkTxCd>
<Domn>
<Cd>PMNT</Cd>
<Fmly>
<Cd>ICDT</Cd>
<SubFmlyCd>BOOK</SubFmlyCd>
</Fmly>
</Domn>
</BkTxCd>
<NtryDtls>
<TxDtls>
<AddtlTxInf>CMO TRANSFER                  ,TO: 00002/55-78418            </AddtlTxInf>
</TxDtls>
</NtryDtls>
</Ntry>
<Ntry>
<Amt Ccy="CAD">0000000006706.12</Amt>
<CdtDbtInd>DBIT</CdtDbtInd>
<RvslInd>false</RvslInd>
<Sts>BOOK</Sts>
<ValDt>
<Dt>2026-05-27</Dt>
</ValDt>
<BkTxCd>
<Domn>
<Cd>PMNT</Cd>
<Fmly>
<Cd>ICDT</Cd>
<SubFmlyCd>BOOK</SubFmlyCd>
</Fmly>
</Domn>
</BkTxCd>
<NtryDtls>
<TxDtls>
<AddtlTxInf>CMO TRANSFER                  ,TO: 00002/55-78418            </AddtlTxInf>
</TxDtls>
</NtryDtls>
</Ntry>
<Ntry>
<Amt Ccy="CAD">0000000003565.85</Amt>
<CdtDbtInd>DBIT</CdtDbtInd>
<RvslInd>false</RvslInd>
<Sts>BOOK</Sts>
<ValDt>
<Dt>2026-05-27</Dt>
</ValDt>
<BkTxCd>
<Domn>
<Cd>PMNT</Cd>
<Fmly>
<Cd>ICDT</Cd>
<SubFmlyCd>BOOK</SubFmlyCd>
</Fmly>
</Domn>
</BkTxCd>
<NtryDtls>
<TxDtls>
<AddtlTxInf>CMO TRANSFER                  ,TO: 00002/55-78418            </AddtlTxInf>
</TxDtls>
</NtryDtls>
</Ntry>
<Ntry>
<Amt Ccy="CAD">0000000002814.30</Amt>
<CdtDbtInd>DBIT</CdtDbtInd>
<RvslInd>false</RvslInd>
<Sts>BOOK</Sts>
<ValDt>
<Dt>2026-05-27</Dt>
</ValDt>
<BkTxCd>
<Domn>
<Cd>ACMT</Cd>
<Fmly>
<Cd>MDOP</Cd>
<SubFmlyCd>OTHR</SubFmlyCd>
</Fmly>
</Domn>
</BkTxCd>
<NtryDtls>
<TxDtls>
<AddtlTxInf>DEBIT MEMO                    ,SETTLEMENT 5861               ,CIBC DATA CENTRE 01020        ,TN0000010604329474428816</AddtlTxInf>
</TxDtls>
</NtryDtls>
</Ntry>
<Ntry>
<Amt Ccy="CAD">0000000000792.68</Amt>
<CdtDbtInd>DBIT</CdtDbtInd>
<RvslInd>false</RvslInd>
<Sts>BOOK</Sts>
<ValDt>
<Dt>2026-05-27</Dt>
</ValDt>
<BkTxCd>
<Domn>
<Cd>PMNT</Cd>
<Fmly>
<Cd>ICDT</Cd>
<SubFmlyCd>BOOK</SubFmlyCd>
</Fmly>
</Domn>
</BkTxCd>
<NtryDtls>
<TxDtls>
<AddtlTxInf>CMO TRANSFER                  ,TO: 00002/55-78418            </AddtlTxInf>
</TxDtls>
</NtryDtls>
</Ntry>
<Ntry>
<Amt Ccy="CAD">0000000000416.00</Amt>
<CdtDbtInd>DBIT</CdtDbtInd>
<RvslInd>false</RvslInd>
<Sts>BOOK</Sts>
<ValDt>
<Dt>2026-05-27</Dt>
</ValDt>
<BkTxCd>
<Domn>
<Cd>PMNT</Cd>
<Fmly>
<Cd>RCDT</Cd>
<SubFmlyCd>ARET</SubFmlyCd>
</Fmly>
</Domn>
</BkTxCd>
<NtryDtls>
<TxDtls>
<AddtlTxInf>EFT RETURNED ITEM             ,AGORA DEALER SERVICES         ,,TN0102002201459840364321</AddtlTxInf>
</TxDtls>
</NtryDtls>
</Ntry>
<Ntry>
<Amt Ccy="CAD">0000000000364.00</Amt>
<CdtDbtInd>DBIT</CdtDbtInd>
<RvslInd>false</RvslInd>
<Sts>BOOK</Sts>
<ValDt>
<Dt>2026-05-27</Dt>
</ValDt>
<BkTxCd>
<Domn>
<Cd>PMNT</Cd>
<Fmly>
<Cd>RCDT</Cd>
<SubFmlyCd>ARET</SubFmlyCd>
</Fmly>
</Domn>
</BkTxCd>
<NtryDtls>
<TxDtls>
<AddtlTxInf>EFT RETURNED ITEM             ,AGORA DEALER SERVICES         ,,TN0102004202248471607098</AddtlTxInf>
</TxDtls>
</NtryDtls>
</Ntry>
<Ntry>
<Amt Ccy="CAD">0000000000036.00</Amt>
<CdtDbtInd>DBIT</CdtDbtInd>
<RvslInd>false</RvslInd>
<Sts>BOOK</Sts>
<ValDt>
<Dt>2026-05-27</Dt>
</ValDt>
<BkTxCd>
<Domn>
<Cd>PMNT</Cd>
<Fmly>
<Cd>RCDT</Cd>
<SubFmlyCd>ARET</SubFmlyCd>
</Fmly>
</Domn>
</BkTxCd>
<NtryDtls>
<TxDtls>
<AddtlTxInf>EFT RETURNED ITEM             ,AGORA DEALER SERVICES         ,,TN0102004202248471607097</AddtlTxInf>
</TxDtls>
</NtryDtls>
</Ntry>
<Ntry>
<Amt Ccy="CAD">0000000658816.47</Amt>
<CdtDbtInd>CRDT</CdtDbtInd>
<RvslInd>false</RvslInd>
<Sts>BOOK</Sts>
<ValDt>
<Dt>2026-05-27</Dt>
</ValDt>
<BkTxCd>
<Domn>
<Cd>ACMT</Cd>
<Fmly>
<Cd>MCOP</Cd>
<SubFmlyCd>OTHR</SubFmlyCd>
</Fmly>
</Domn>
</BkTxCd>
<NtryDtls>
<TxDtls>
<AddtlTxInf>CREDIT MEMO                   ,SETTLEMENT 5864               ,CIBC DATA CENTRE 01020        ,TN0000010603081480408270</AddtlTxInf>
</TxDtls>
</NtryDtls>
</Ntry>
<Ntry>
<Amt Ccy="CAD">0000000176792.54</Amt>
<CdtDbtInd>CRDT</CdtDbtInd>
<RvslInd>false</RvslInd>
<Sts>BOOK</Sts>
<ValDt>
<Dt>2026-05-27</Dt>
</ValDt>
<BkTxCd>
<Domn>
<Cd>PMNT</Cd>
<Fmly>
<Cd>CNTR</Cd>
<SubFmlyCd>MIXD</SubFmlyCd>
</Fmly>
</Domn>
</BkTxCd>
<NtryDtls>
<TxDtls>
<AddtlTxInf>INSTANT TELLER DEPOSIT 4G1H   ,4506*********696              </AddtlTxInf>
</TxDtls>
</NtryDtls>
</Ntry>
<Ntry>
<Amt Ccy="CAD">0000000138927.50</Amt>
<CdtDbtInd>CRDT</CdtDbtInd>
<RvslInd>false</RvslInd>
<Sts>BOOK</Sts>
<ValDt>
<Dt>2026-05-27</Dt>
</ValDt>
<BkTxCd>
<Domn>
<Cd>ACMT</Cd>
<Fmly>
<Cd>MCOP</Cd>
<SubFmlyCd>OTHR</SubFmlyCd>
</Fmly>
</Domn>
</BkTxCd>
<NtryDtls>
<TxDtls>
<AddtlTxInf>CREDIT MEMO                   ,SETTLEMENT 5865               ,CIBC DATA CENTRE 01020        ,TN0000010603082480408314</AddtlTxInf>
</TxDtls>
</NtryDtls>
</Ntry>
<Ntry>
<Amt Ccy="CAD">0000000028000.00</Amt>
<CdtDbtInd>CRDT</CdtDbtInd>
<RvslInd>false</RvslInd>
<Sts>BOOK</Sts>
<ValDt>
<Dt>2026-05-27</Dt>
</ValDt>
<BkTxCd>
<Domn>
<Cd>PMNT</Cd>
<Fmly>
<Cd>RCDT</Cd>
<SubFmlyCd>BOOK</SubFmlyCd>
</Fmly>
</Domn>
</BkTxCd>
<NtryDtls>
<TxDtls>
<AddtlTxInf>CMO TRANSFER                  ,FROM: 00002/55-78418          </AddtlTxInf>
</TxDtls>
</NtryDtls>
</Ntry>
<Ntry>
<Amt Ccy="CAD">0000000021684.15</Amt>
<CdtDbtInd>CRDT</CdtDbtInd>
<RvslInd>false</RvslInd>
<Sts>BOOK</Sts>
<ValDt>
<Dt>2026-05-27</Dt>
</ValDt>
<BkTxCd>
<Domn>
<Cd>PMNT</Cd>
<Fmly>
<Cd>RCDT</Cd>
<SubFmlyCd>APAC</SubFmlyCd>
</Fmly>
</Domn>
</BkTxCd>
<NtryDtls>
<TxDtls>
<AddtlTxInf>GOVERNMENT                    ,ESDC 20260513                 ,Paiement fédéral/Federal Pmt  ,TN0102177205021776000113</AddtlTxInf>
</TxDtls>
</NtryDtls>
</Ntry>
<Ntry>
<Amt Ccy="CAD">0000000011176.66</Amt>
<CdtDbtInd>CRDT</CdtDbtInd>
<RvslInd>false</RvslInd>
<Sts>BOOK</Sts>
<ValDt>
<Dt>2026-05-27</Dt>
</ValDt>
<BkTxCd>
<Domn>
<Cd>PMNT</Cd>
<Fmly>
<Cd>RCDT</Cd>
<SubFmlyCd>APAC</SubFmlyCd>
</Fmly>
</Domn>
</BkTxCd>
<NtryDtls>
<TxDtls>
<AddtlTxInf>MISCELLANEOUS PAYMENT         ,Home Bank                     ,,TN0102001207582000008772</AddtlTxInf>
</TxDtls>
</NtryDtls>
</Ntry>
<Ntry>
<Amt Ccy="CAD">0000000005000.00</Amt>
<CdtDbtInd>CRDT</CdtDbtInd>
<RvslInd>false</RvslInd>
<Sts>BOOK</Sts>
<ValDt>
<Dt>2026-05-27</Dt>
</ValDt>
<BkTxCd>
<Domn>
<Cd>ACMT</Cd>
<Fmly>
<Cd>MCOP</Cd>
<SubFmlyCd>OTHR</SubFmlyCd>
</Fmly>
</Domn>
</BkTxCd>
<NtryDtls>
<TxDtls>
<AddtlTxInf>CREDIT MEMO                   ,SETTLEMENT 5868               ,CIBC DATA CENTRE 01020        ,TN0000010603083481044071</AddtlTxInf>
</TxDtls>
</NtryDtls>
</Ntry>
<Ntry>
<Amt Ccy="CAD">0000000000792.68</Amt>
<CdtDbtInd>CRDT</CdtDbtInd>
<RvslInd>false</RvslInd>
<Sts>BOOK</Sts>
<ValDt>
<Dt>2026-05-27</Dt>
</ValDt>
<BkTxCd>
<Domn>
<Cd>PMNT</Cd>
<Fmly>
<Cd>RCDT</Cd>
<SubFmlyCd>BOOK</SubFmlyCd>
</Fmly>
</Domn>
</BkTxCd>
<NtryDtls>
<TxDtls>
<AddtlTxInf>CMO TRANSFER                  ,FROM: 00002/55-78418          </AddtlTxInf>
</TxDtls>
</NtryDtls>
</Ntry>
<Ntry>
<Amt Ccy="CAD">0000000000344.92</Amt>
<CdtDbtInd>CRDT</CdtDbtInd>
<RvslInd>false</RvslInd>
<Sts>BOOK</Sts>
<ValDt>
<Dt>2026-05-27</Dt>
</ValDt>
<BkTxCd>
<Domn>
<Cd>PMNT</Cd>
<Fmly>
<Cd>RCDT</Cd>
<SubFmlyCd>APAC</SubFmlyCd>
</Fmly>
</Domn>
</BkTxCd>
<NtryDtls>
<TxDtls>
<AddtlTxInf>MISCELLANEOUS PAYMENT         ,EDI **614630896               ,TANGERINE BANK                ,TN0000010200000477322298</AddtlTxInf>
</TxDtls>
</NtryDtls>
</Ntry>
<Ntry>
<Amt Ccy="CAD">0000000000150.00</Amt>
<CdtDbtInd>CRDT</CdtDbtInd>
<RvslInd>false</RvslInd>
<Sts>BOOK</Sts>
<ValDt>
<Dt>2026-05-27</Dt>
</ValDt>
<BkTxCd>
<Domn>
<Cd>PMNT</Cd>
<Fmly>
<Cd>RCDT</Cd>
<SubFmlyCd>BOOK</SubFmlyCd>
</Fmly>
</Domn>
</BkTxCd>
<NtryDtls>
<TxDtls>
<AddtlTxInf>CMO TRANSFER                  ,FROM: 00002/55-78418          </AddtlTxInf>
</TxDtls>
</NtryDtls>
</Ntry>
</Stmt>
<Stmt>
<Id>000020385212BCC</Id>
<CreDtTm>2026-05-28T05:09:44</CreDtTm>
<Acct>
<Id>
<Othr>
<Id>000020385212</Id>
</Othr>
</Id>
</Acct>
<Bal>
<Tp>
<CdOrPrtry>
<Cd>CLBD</Cd>
</CdOrPrtry>
</Tp>
<Amt Ccy="USD">0000000804521.94</Amt>
<CdtDbtInd>CRDT</CdtDbtInd>
<Dt>
<Dt>2026-05-27</Dt>
</Dt>
</Bal>
<Bal>
<Tp>
<CdOrPrtry>
<Cd>OPBD</Cd>
</CdOrPrtry>
</Tp>
<Amt Ccy="USD">0000000804567.28</Amt>
<CdtDbtInd>CRDT</CdtDbtInd>
<Dt>
<Dt>2026-05-27</Dt>
</Dt>
</Bal>
<TxsSummry>
<TtlCdtNtries>
<NbOfNtries>00000</NbOfNtries>
<Sum>00000000000.00</Sum>
</TtlCdtNtries>
<TtlDbtNtries>
<NbOfNtries>00001</NbOfNtries>
<Sum>00000000045.34</Sum>
</TtlDbtNtries>
</TxsSummry>
<Ntry>
<Amt Ccy="USD">0000000000045.34</Amt>
<CdtDbtInd>DBIT</CdtDbtInd>
<RvslInd>false</RvslInd>
<Sts>BOOK</Sts>
<ValDt>
<Dt>2026-05-27</Dt>
</ValDt>
<BkTxCd>
<Domn>
<Cd>PMNT</Cd>
<Fmly>
<Cd>ICDT</Cd>
<SubFmlyCd>BOOK</SubFmlyCd>
</Fmly>
</Domn>
</BkTxCd>
<NtryDtls>
<TxDtls>
<AddtlTxInf>CMO TRANSFER                  </AddtlTxInf>
</TxDtls>
</NtryDtls>
</Ntry>
</Stmt>
</BkToCstmrStmt>
</Document>
