<?xml version="1.0" encoding="UTF-8"?>
<Document xmlns="urn:iso:std:iso:20022:tech:xsd:camt.053.001.02" xmlns:xsi="http://www.w3.org/2001/XMLSchema-instance">
<BkToCstmrStmt>
<GrpHdr>
<MsgId>9910201098100202605140509202430</MsgId>
<CreDtTm>2026-05-14T05:09:20</CreDtTm>
<MsgRcpt>
<Nm>98100</Nm>
</MsgRcpt>
</GrpHdr>
<Stmt>
<Id>000025578418BCC</Id>
<CreDtTm>2026-05-14T05:09:20</CreDtTm>
<Acct>
<Id>
<Othr>
<Id>000025578418</Id>
</Othr>
</Id>
</Acct>
<Bal>
<Tp>
<CdOrPrtry>
<Cd>CLBD</Cd>
</CdOrPrtry>
</Tp>
<Amt Ccy="CAD">0000001512130.57</Amt>
<CdtDbtInd>CRDT</CdtDbtInd>
<Dt>
<Dt>2026-05-13</Dt>
</Dt>
</Bal>
<Bal>
<Tp>
<CdOrPrtry>
<Cd>OPBD</Cd>
</CdOrPrtry>
</Tp>
<Amt Ccy="CAD">0000001528128.41</Amt>
<CdtDbtInd>CRDT</CdtDbtInd>
<Dt>
<Dt>2026-05-13</Dt>
</Dt>
</Bal>
<TxsSummry>
<TtlCdtNtries>
<NbOfNtries>00002</NbOfNtries>
<Sum>00000002148.30</Sum>
</TtlCdtNtries>
<TtlDbtNtries>
<NbOfNtries>00005</NbOfNtries>
<Sum>00000018146.14</Sum>
</TtlDbtNtries>
</TxsSummry>
<Ntry>
<Amt Ccy="CAD">0000000013237.45</Amt>
<CdtDbtInd>DBIT</CdtDbtInd>
<RvslInd>false</RvslInd>
<Sts>BOOK</Sts>
<ValDt>
<Dt>2026-05-13</Dt>
</ValDt>
<BkTxCd>
<Domn>
<Cd>PMNT</Cd>
<Fmly>
<Cd>ICDT</Cd>
<SubFmlyCd>BOOK</SubFmlyCd>
</Fmly>
</Domn>
</BkTxCd>
<NtryDtls>
<TxDtls>
<AddtlTxInf>CMO TRANSFER                  ,TO: 00002/55-78515            </AddtlTxInf>
</TxDtls>
</NtryDtls>
</Ntry>
<Ntry>
<Amt Ccy="CAD">0000000002116.55</Amt>
<CdtDbtInd>DBIT</CdtDbtInd>
<RvslInd>false</RvslInd>
<Sts>BOOK</Sts>
<ValDt>
<Dt>2026-05-13</Dt>
</ValDt>
<BkTxCd>
<Domn>
<Cd>ACMT</Cd>
<Fmly>
<Cd>MDOP</Cd>
<SubFmlyCd>OTHR</SubFmlyCd>
</Fmly>
</Domn>
</BkTxCd>
<NtryDtls>
<TxDtls>
<AddtlTxInf>DEBIT MEMO                    ,SETTLEMENT 3214               ,CIBC DATA CENTRE 01020        ,TN0000010203214412910495</AddtlTxInf>
</TxDtls>
</NtryDtls>
</Ntry>
<Ntry>
<Amt Ccy="CAD">0000000001740.86</Amt>
<CdtDbtInd>DBIT</CdtDbtInd>
<RvslInd>false</RvslInd>
<Sts>BOOK</Sts>
<ValDt>
<Dt>2026-05-13</Dt>
</ValDt>
<BkTxCd>
<Domn>
<Cd>PMNT</Cd>
<Fmly>
<Cd>ICDT</Cd>
<SubFmlyCd>BOOK</SubFmlyCd>
</Fmly>
</Domn>
</BkTxCd>
<NtryDtls>
<TxDtls>
<AddtlTxInf>CMO TRANSFER                  ,TO: 00002/55-78515            </AddtlTxInf>
</TxDtls>
</NtryDtls>
</Ntry>
<Ntry>
<Amt Ccy="CAD">0000000000868.00</Amt>
<CdtDbtInd>DBIT</CdtDbtInd>
<RvslInd>false</RvslInd>
<Sts>BOOK</Sts>
<ValDt>
<Dt>2026-05-13</Dt>
</ValDt>
<BkTxCd>
<Domn>
<Cd>PMNT</Cd>
<Fmly>
<Cd>ICDT</Cd>
<SubFmlyCd>ATXN</SubFmlyCd>
</Fmly>
</Domn>
</BkTxCd>
<NtryDtls>
<TxDtls>
<AddtlTxInf>MISCELLANEOUS PAYMENT         ,HSA CAD CAN                   ,,TN0102003202003615332094</AddtlTxInf>
</TxDtls>
</NtryDtls>
</Ntry>
<Ntry>
<Amt Ccy="CAD">0000000000183.28</Amt>
<CdtDbtInd>DBIT</CdtDbtInd>
<RvslInd>false</RvslInd>
<Sts>BOOK</Sts>
<ValDt>
<Dt>2026-05-13</Dt>
</ValDt>
<BkTxCd>
<Domn>
<Cd>PMNT</Cd>
<Fmly>
<Cd>ICDT</Cd>
<SubFmlyCd>DMCT</SubFmlyCd>
</Fmly>
</Domn>
</BkTxCd>
<NtryDtls>
<TxDtls>
<AddtlTxInf>WIRE PAYMENT3572010           ,Fundserv Inc.                 </AddtlTxInf>
</TxDtls>
</NtryDtls>
</Ntry>
<Ntry>
<Amt Ccy="CAD">0000000002116.55</Amt>
<CdtDbtInd>CRDT</CdtDbtInd>
<RvslInd>false</RvslInd>
<Sts>BOOK</Sts>
<ValDt>
<Dt>2026-05-13</Dt>
</ValDt>
<BkTxCd>
<Domn>
<Cd>ACMT</Cd>
<Fmly>
<Cd>MCOP</Cd>
<SubFmlyCd>OTHR</SubFmlyCd>
</Fmly>
</Domn>
</BkTxCd>
<NtryDtls>
<TxDtls>
<AddtlTxInf>CREDIT MEMO                   ,SETTLEMENT 0249               ,CIBC DATA CENTRE 01020        ,TN0000010200249426156953</AddtlTxInf>
</TxDtls>
</NtryDtls>
</Ntry>
<Ntry>
<Amt Ccy="CAD">0000000000031.75</Amt>
<CdtDbtInd>CRDT</CdtDbtInd>
<RvslInd>false</RvslInd>
<Sts>BOOK</Sts>
<ValDt>
<Dt>2026-05-13</Dt>
</ValDt>
<BkTxCd>
<Domn>
<Cd>PMNT</Cd>
<Fmly>
<Cd>RCDT</Cd>
<SubFmlyCd>BOOK</SubFmlyCd>
</Fmly>
</Domn>
</BkTxCd>
<NtryDtls>
<TxDtls>
<AddtlTxInf>CMO TRANSFER                  ,FROM: 00002/55-78515          </AddtlTxInf>
</TxDtls>
</NtryDtls>
</Ntry>
</Stmt>
<Stmt>
<Id>000025578515BCC</Id>
<CreDtTm>2026-05-14T05:09:20</CreDtTm>
<Acct>
<Id>
<Othr>
<Id>000025578515</Id>
</Othr>
</Id>
</Acct>
<Bal>
<Tp>
<CdOrPrtry>
<Cd>CLBD</Cd>
</CdOrPrtry>
</Tp>
<Amt Ccy="CAD">0000023396528.98</Amt>
<CdtDbtInd>CRDT</CdtDbtInd>
<Dt>
<Dt>2026-05-13</Dt>
</Dt>
</Bal>
<Bal>
<Tp>
<CdOrPrtry>
<Cd>OPBD</Cd>
</CdOrPrtry>
</Tp>
<Amt Ccy="CAD">0000023898341.63</Amt>
<CdtDbtInd>CRDT</CdtDbtInd>
<Dt>
<Dt>2026-05-13</Dt>
</Dt>
</Bal>
<TxsSummry>
<TtlCdtNtries>
<NbOfNtries>00012</NbOfNtries>
<Sum>00002170889.85</Sum>
</TtlCdtNtries>
<TtlDbtNtries>
<NbOfNtries>00010</NbOfNtries>
<Sum>00002672702.50</Sum>
</TtlDbtNtries>
</TxsSummry>
<Ntry>
<Amt Ccy="CAD">0000001158719.47</Amt>
<CdtDbtInd>DBIT</CdtDbtInd>
<RvslInd>false</RvslInd>
<Sts>BOOK</Sts>
<ValDt>
<Dt>2026-05-13</Dt>
</ValDt>
<BkTxCd>
<Domn>
<Cd>PMNT</Cd>
<Fmly>
<Cd>ICDT</Cd>
<SubFmlyCd>DMCT</SubFmlyCd>
</Fmly>
</Domn>
</BkTxCd>
<NtryDtls>
<TxDtls>
<AddtlTxInf>WIRE PAYMENT3571983           ,FundServ Inc.                 </AddtlTxInf>
</TxDtls>
</NtryDtls>
</Ntry>
<Ntry>
<Amt Ccy="CAD">0000001019628.26</Amt>
<CdtDbtInd>DBIT</CdtDbtInd>
<RvslInd>false</RvslInd>
<Sts>BOOK</Sts>
<ValDt>
<Dt>2026-05-13</Dt>
</ValDt>
<BkTxCd>
<Domn>
<Cd>PMNT</Cd>
<Fmly>
<Cd>ICDT</Cd>
<SubFmlyCd>DMCT</SubFmlyCd>
</Fmly>
</Domn>
</BkTxCd>
<NtryDtls>
<TxDtls>
<AddtlTxInf>WIRE PAYMENT3572043           ,FundServ Inc.                 </AddtlTxInf>
</TxDtls>
</NtryDtls>
</Ntry>
<Ntry>
<Amt Ccy="CAD">0000000306509.12</Amt>
<CdtDbtInd>DBIT</CdtDbtInd>
<RvslInd>false</RvslInd>
<Sts>BOOK</Sts>
<ValDt>
<Dt>2026-05-13</Dt>
</ValDt>
<BkTxCd>
<Domn>
<Cd>ACMT</Cd>
<Fmly>
<Cd>MDOP</Cd>
<SubFmlyCd>OTHR</SubFmlyCd>
</Fmly>
</Domn>
</BkTxCd>
<NtryDtls>
<TxDtls>
<AddtlTxInf>DEBIT MEMO                    ,SETTLEMENT 5815               ,CIBC DATA CENTRE 01020        ,TN0000010604289425852241</AddtlTxInf>
</TxDtls>
</NtryDtls>
</Ntry>
<Ntry>
<Amt Ccy="CAD">0000000108965.26</Amt>
<CdtDbtInd>DBIT</CdtDbtInd>
<RvslInd>false</RvslInd>
<Sts>BOOK</Sts>
<ValDt>
<Dt>2026-05-13</Dt>
</ValDt>
<BkTxCd>
<Domn>
<Cd>ACMT</Cd>
<Fmly>
<Cd>MDOP</Cd>
<SubFmlyCd>OTHR</SubFmlyCd>
</Fmly>
</Domn>
</BkTxCd>
<NtryDtls>
<TxDtls>
<AddtlTxInf>DEBIT MEMO                    ,SETTLEMENT 5811               ,CIBC DATA CENTRE 01020        ,TN0000010604286419808367</AddtlTxInf>
</TxDtls>
</NtryDtls>
</Ntry>
<Ntry>
<Amt Ccy="CAD">0000000050000.00</Amt>
<CdtDbtInd>DBIT</CdtDbtInd>
<RvslInd>false</RvslInd>
<Sts>BOOK</Sts>
<ValDt>
<Dt>2026-05-13</Dt>
</ValDt>
<BkTxCd>
<Domn>
<Cd>PMNT</Cd>
<Fmly>
<Cd>RCDT</Cd>
<SubFmlyCd>ARET</SubFmlyCd>
</Fmly>
</Domn>
</BkTxCd>
<NtryDtls>
<TxDtls>
<AddtlTxInf>EFT RETURNED ITEM             ,AGORA DEALER SERVICES         ,,TN0101815100120000000906</AddtlTxInf>
</TxDtls>
</NtryDtls>
</Ntry>
<Ntry>
<Amt Ccy="CAD">0000000020500.00</Amt>
<CdtDbtInd>DBIT</CdtDbtInd>
<RvslInd>false</RvslInd>
<Sts>BOOK</Sts>
<ValDt>
<Dt>2026-05-13</Dt>
</ValDt>
<BkTxCd>
<Domn>
<Cd>ACMT</Cd>
<Fmly>
<Cd>MDOP</Cd>
<SubFmlyCd>OTHR</SubFmlyCd>
</Fmly>
</Domn>
</BkTxCd>
<NtryDtls>
<TxDtls>
<AddtlTxInf>DEBIT MEMO                    ,SETTLEMENT 5817               ,CIBC DATA CENTRE 01020        ,TN0000010604292425853063</AddtlTxInf>
</TxDtls>
</NtryDtls>
</Ntry>
<Ntry>
<Amt Ccy="CAD">0000000006500.00</Amt>
<CdtDbtInd>DBIT</CdtDbtInd>
<RvslInd>false</RvslInd>
<Sts>BOOK</Sts>
<ValDt>
<Dt>2026-05-13</Dt>
</ValDt>
<BkTxCd>
<Domn>
<Cd>ACMT</Cd>
<Fmly>
<Cd>MDOP</Cd>
<SubFmlyCd>OTHR</SubFmlyCd>
</Fmly>
</Domn>
</BkTxCd>
<NtryDtls>
<TxDtls>
<AddtlTxInf>DEBIT MEMO                    ,SETTLEMENT 5810               ,CIBC DATA CENTRE 01020        ,TN0000010604287419808369</AddtlTxInf>
</TxDtls>
</NtryDtls>
</Ntry>
<Ntry>
<Amt Ccy="CAD">0000000001698.64</Amt>
<CdtDbtInd>DBIT</CdtDbtInd>
<RvslInd>false</RvslInd>
<Sts>BOOK</Sts>
<ValDt>
<Dt>2026-05-13</Dt>
</ValDt>
<BkTxCd>
<Domn>
<Cd>ACMT</Cd>
<Fmly>
<Cd>MDOP</Cd>
<SubFmlyCd>OTHR</SubFmlyCd>
</Fmly>
</Domn>
</BkTxCd>
<NtryDtls>
<TxDtls>
<AddtlTxInf>DEBIT MEMO                    ,SETTLEMENT 5806               ,CIBC DATA CENTRE 01020        ,TN0000010604282414210295</AddtlTxInf>
</TxDtls>
</NtryDtls>
</Ntry>
<Ntry>
<Amt Ccy="CAD">0000000000150.00</Amt>
<CdtDbtInd>DBIT</CdtDbtInd>
<RvslInd>false</RvslInd>
<Sts>BOOK</Sts>
<ValDt>
<Dt>2026-05-13</Dt>
</ValDt>
<BkTxCd>
<Domn>
<Cd>PMNT</Cd>
<Fmly>
<Cd>RCDT</Cd>
<SubFmlyCd>ARET</SubFmlyCd>
</Fmly>
</Domn>
</BkTxCd>
<NtryDtls>
<TxDtls>
<AddtlTxInf>EFT RETURNED ITEM             ,AGORA DEALER SERVICES         ,,TN0000010230000427322885</AddtlTxInf>
</TxDtls>
</NtryDtls>
</Ntry>
<Ntry>
<Amt Ccy="CAD">0000000000031.75</Amt>
<CdtDbtInd>DBIT</CdtDbtInd>
<RvslInd>false</RvslInd>
<Sts>BOOK</Sts>
<ValDt>
<Dt>2026-05-13</Dt>
</ValDt>
<BkTxCd>
<Domn>
<Cd>PMNT</Cd>
<Fmly>
<Cd>ICDT</Cd>
<SubFmlyCd>BOOK</SubFmlyCd>
</Fmly>
</Domn>
</BkTxCd>
<NtryDtls>
<TxDtls>
<AddtlTxInf>CMO TRANSFER                  ,TO: 00002/55-78418            </AddtlTxInf>
</TxDtls>
</NtryDtls>
</Ntry>
<Ntry>
<Amt Ccy="CAD">0000001009821.24</Amt>
<CdtDbtInd>CRDT</CdtDbtInd>
<RvslInd>false</RvslInd>
<Sts>BOOK</Sts>
<ValDt>
<Dt>2026-05-13</Dt>
</ValDt>
<BkTxCd>
<Domn>
<Cd>PMNT</Cd>
<Fmly>
<Cd>RCDT</Cd>
<SubFmlyCd>DMCT</SubFmlyCd>
</Fmly>
</Domn>
</BkTxCd>
<NtryDtls>
<TxDtls>
<AddtlTxInf>WIRE TSF 1370198              ,FUNDSERV INC                  </AddtlTxInf>
</TxDtls>
</NtryDtls>
</Ntry>
<Ntry>
<Amt Ccy="CAD">0000000479562.75</Amt>
<CdtDbtInd>CRDT</CdtDbtInd>
<RvslInd>false</RvslInd>
<Sts>BOOK</Sts>
<ValDt>
<Dt>2026-05-13</Dt>
</ValDt>
<BkTxCd>
<Domn>
<Cd>ACMT</Cd>
<Fmly>
<Cd>MCOP</Cd>
<SubFmlyCd>OTHR</SubFmlyCd>
</Fmly>
</Domn>
</BkTxCd>
<NtryDtls>
<TxDtls>
<AddtlTxInf>CREDIT MEMO                   ,SETTLEMENT 5814               ,CIBC DATA CENTRE 01020        ,TN0000010603058425853148</AddtlTxInf>
</TxDtls>
</NtryDtls>
</Ntry>
<Ntry>
<Amt Ccy="CAD">0000000388229.57</Amt>
<CdtDbtInd>CRDT</CdtDbtInd>
<RvslInd>false</RvslInd>
<Sts>BOOK</Sts>
<ValDt>
<Dt>2026-05-13</Dt>
</ValDt>
<BkTxCd>
<Domn>
<Cd>PMNT</Cd>
<Fmly>
<Cd>CNTR</Cd>
<SubFmlyCd>MIXD</SubFmlyCd>
</Fmly>
</Domn>
</BkTxCd>
<NtryDtls>
<TxDtls>
<AddtlTxInf>INSTANT TELLER DEPOSIT 4C2U   ,4506*********696              </AddtlTxInf>
</TxDtls>
</NtryDtls>
</Ntry>
<Ntry>
<Amt Ccy="CAD">0000000122000.00</Amt>
<CdtDbtInd>CRDT</CdtDbtInd>
<RvslInd>false</RvslInd>
<Sts>BOOK</Sts>
<ValDt>
<Dt>2026-05-13</Dt>
</ValDt>
<BkTxCd>
<Domn>
<Cd>PMNT</Cd>
<Fmly>
<Cd>RCDT</Cd>
<SubFmlyCd>APAC</SubFmlyCd>
</Fmly>
</Domn>
</BkTxCd>
<NtryDtls>
<TxDtls>
<AddtlTxInf>MISCELLANEOUS PAYMENT         ,EDI 50008012250               ,CCPEDQ                        ,TN0000010200000424702216</AddtlTxInf>
</TxDtls>
</NtryDtls>
</Ntry>
<Ntry>
<Amt Ccy="CAD">0000000069922.50</Amt>
<CdtDbtInd>CRDT</CdtDbtInd>
<RvslInd>false</RvslInd>
<Sts>BOOK</Sts>
<ValDt>
<Dt>2026-05-13</Dt>
</ValDt>
<BkTxCd>
<Domn>
<Cd>ACMT</Cd>
<Fmly>
<Cd>MCOP</Cd>
<SubFmlyCd>OTHR</SubFmlyCd>
</Fmly>
</Domn>
</BkTxCd>
<NtryDtls>
<TxDtls>
<AddtlTxInf>CREDIT MEMO                   ,SETTLEMENT 5816               ,CIBC DATA CENTRE 01020        ,TN0000010603059425853192</AddtlTxInf>
</TxDtls>
</NtryDtls>
</Ntry>
<Ntry>
<Amt Ccy="CAD">0000000058833.00</Amt>
<CdtDbtInd>CRDT</CdtDbtInd>
<RvslInd>false</RvslInd>
<Sts>BOOK</Sts>
<ValDt>
<Dt>2026-05-13</Dt>
</ValDt>
<BkTxCd>
<Domn>
<Cd>ACMT</Cd>
<Fmly>
<Cd>MCOP</Cd>
<SubFmlyCd>OTHR</SubFmlyCd>
</Fmly>
</Domn>
</BkTxCd>
<NtryDtls>
<TxDtls>
<AddtlTxInf>CREDIT MEMO                   ,SETTLEMENT 5818               ,CIBC DATA CENTRE 01020        ,TN0000010603060426145193</AddtlTxInf>
</TxDtls>
</NtryDtls>
</Ntry>
<Ntry>
<Amt Ccy="CAD">0000000016000.00</Amt>
<CdtDbtInd>CRDT</CdtDbtInd>
<RvslInd>false</RvslInd>
<Sts>BOOK</Sts>
<ValDt>
<Dt>2026-05-13</Dt>
</ValDt>
<BkTxCd>
<Domn>
<Cd>PMNT</Cd>
<Fmly>
<Cd>RCDT</Cd>
<SubFmlyCd>APAC</SubFmlyCd>
</Fmly>
</Domn>
</BkTxCd>
<NtryDtls>
<TxDtls>
<AddtlTxInf>MISCELLANEOUS PAYMENT         ,EDI 83734160BV5               ,BANK OF MONTREAL - TBPS       ,TN0000010200000423006271</AddtlTxInf>
</TxDtls>
</NtryDtls>
</Ntry>
<Ntry>
<Amt Ccy="CAD">0000000013237.45</Amt>
<CdtDbtInd>CRDT</CdtDbtInd>
<RvslInd>false</RvslInd>
<Sts>BOOK</Sts>
<ValDt>
<Dt>2026-05-13</Dt>
</ValDt>
<BkTxCd>
<Domn>
<Cd>PMNT</Cd>
<Fmly>
<Cd>RCDT</Cd>
<SubFmlyCd>BOOK</SubFmlyCd>
</Fmly>
</Domn>
</BkTxCd>
<NtryDtls>
<TxDtls>
<AddtlTxInf>CMO TRANSFER                  ,FROM: 00002/55-78418          </AddtlTxInf>
</TxDtls>
</NtryDtls>
</Ntry>
<Ntry>
<Amt Ccy="CAD">0000000006739.95</Amt>
<CdtDbtInd>CRDT</CdtDbtInd>
<RvslInd>false</RvslInd>
<Sts>BOOK</Sts>
<ValDt>
<Dt>2026-05-13</Dt>
</ValDt>
<BkTxCd>
<Domn>
<Cd>PMNT</Cd>
<Fmly>
<Cd>RCDT</Cd>
<SubFmlyCd>APAC</SubFmlyCd>
</Fmly>
</Domn>
</BkTxCd>
<NtryDtls>
<TxDtls>
<AddtlTxInf>MISCELLANEOUS PAYMENT         ,Goldie Mohr Ltd               ,,TN0102002201434827954114</AddtlTxInf>
</TxDtls>
</NtryDtls>
</Ntry>
<Ntry>
<Amt Ccy="CAD">0000000004610.00</Amt>
<CdtDbtInd>CRDT</CdtDbtInd>
<RvslInd>false</RvslInd>
<Sts>BOOK</Sts>
<ValDt>
<Dt>2026-05-13</Dt>
</ValDt>
<BkTxCd>
<Domn>
<Cd>PMNT</Cd>
<Fmly>
<Cd>RCDT</Cd>
<SubFmlyCd>APAC</SubFmlyCd>
</Fmly>
</Domn>
</BkTxCd>
<NtryDtls>
<TxDtls>
<AddtlTxInf>MISCELLANEOUS PAYMENT         ,EDI 12232398394               ,TELESCOTIA                    ,TN0000010200000424701932</AddtlTxInf>
</TxDtls>
</NtryDtls>
</Ntry>
<Ntry>
<Amt Ccy="CAD">0000000001740.86</Amt>
<CdtDbtInd>CRDT</CdtDbtInd>
<RvslInd>false</RvslInd>
<Sts>BOOK</Sts>
<ValDt>
<Dt>2026-05-13</Dt>
</ValDt>
<BkTxCd>
<Domn>
<Cd>PMNT</Cd>
<Fmly>
<Cd>RCDT</Cd>
<SubFmlyCd>BOOK</SubFmlyCd>
</Fmly>
</Domn>
</BkTxCd>
<NtryDtls>
<TxDtls>
<AddtlTxInf>CMO TRANSFER                  ,FROM: 00002/55-78418          </AddtlTxInf>
</TxDtls>
</NtryDtls>
</Ntry>
<Ntry>
<Amt Ccy="CAD">0000000000192.53</Amt>
<CdtDbtInd>CRDT</CdtDbtInd>
<RvslInd>false</RvslInd>
<Sts>BOOK</Sts>
<ValDt>
<Dt>2026-05-13</Dt>
</ValDt>
<BkTxCd>
<Domn>
<Cd>PMNT</Cd>
<Fmly>
<Cd>RCDT</Cd>
<SubFmlyCd>APAC</SubFmlyCd>
</Fmly>
</Domn>
</BkTxCd>
<NtryDtls>
<TxDtls>
<AddtlTxInf>MISCELLANEOUS PAYMENT         ,Goldie Mohr Ltd               ,,TN0102002201434827954116</AddtlTxInf>
</TxDtls>
</NtryDtls>
</Ntry>
</Stmt>
<Stmt>
<Id>000020385212BCC</Id>
<CreDtTm>2026-05-14T05:09:20</CreDtTm>
<Acct>
<Id>
<Othr>
<Id>000020385212</Id>
</Othr>
</Id>
</Acct>
<Bal>
<Tp>
<CdOrPrtry>
<Cd>CLBD</Cd>
</CdOrPrtry>
</Tp>
<Amt Ccy="USD">0000000818102.92</Amt>
<CdtDbtInd>CRDT</CdtDbtInd>
<Dt>
<Dt>2026-05-13</Dt>
</Dt>
</Bal>
<Bal>
<Tp>
<CdOrPrtry>
<Cd>OPBD</Cd>
</CdOrPrtry>
</Tp>
<Amt Ccy="USD">0000000771063.12</Amt>
<CdtDbtInd>CRDT</CdtDbtInd>
<Dt>
<Dt>2026-05-13</Dt>
</Dt>
</Bal>
<TxsSummry>
<TtlCdtNtries>
<NbOfNtries>00002</NbOfNtries>
<Sum>00000050017.95</Sum>
</TtlCdtNtries>
<TtlDbtNtries>
<NbOfNtries>00001</NbOfNtries>
<Sum>00000002978.15</Sum>
</TtlDbtNtries>
</TxsSummry>
<Ntry>
<Amt Ccy="USD">0000000002978.15</Amt>
<CdtDbtInd>DBIT</CdtDbtInd>
<RvslInd>false</RvslInd>
<Sts>BOOK</Sts>
<ValDt>
<Dt>2026-05-13</Dt>
</ValDt>
<BkTxCd>
<Domn>
<Cd>PMNT</Cd>
<Fmly>
<Cd>ICDT</Cd>
<SubFmlyCd>DMCT</SubFmlyCd>
</Fmly>
</Domn>
</BkTxCd>
<NtryDtls>
<TxDtls>
<AddtlTxInf>WIRE PAYMENT3572082           ,Fundserv Inc.                 </AddtlTxInf>
</TxDtls>
</NtryDtls>
</Ntry>
<Ntry>
<Amt Ccy="USD">0000000049985.00</Amt>
<CdtDbtInd>CRDT</CdtDbtInd>
<RvslInd>false</RvslInd>
<Sts>BOOK</Sts>
<ValDt>
<Dt>2026-05-13</Dt>
</ValDt>
<BkTxCd>
<Domn>
<Cd>PMNT</Cd>
<Fmly>
<Cd>RCDT</Cd>
<SubFmlyCd>DMCT</SubFmlyCd>
</Fmly>
</Domn>
</BkTxCd>
<NtryDtls>
<TxDtls>
<AddtlTxInf>WIRE TSF 1394512              ,GANESH PRASAD SINGH           </AddtlTxInf>
</TxDtls>
</NtryDtls>
</Ntry>
<Ntry>
<Amt Ccy="USD">0000000000032.95</Amt>
<CdtDbtInd>CRDT</CdtDbtInd>
<RvslInd>false</RvslInd>
<Sts>BOOK</Sts>
<ValDt>
<Dt>2026-05-13</Dt>
</ValDt>
<BkTxCd>
<Domn>
<Cd>PMNT</Cd>
<Fmly>
<Cd>RCDT</Cd>
<SubFmlyCd>DMCT</SubFmlyCd>
</Fmly>
</Domn>
</BkTxCd>
<NtryDtls>
<TxDtls>
<AddtlTxInf>WIRE TSF 1372516              ,FUNDSERV INC                  </AddtlTxInf>
</TxDtls>
</NtryDtls>
</Ntry>
</Stmt>
</BkToCstmrStmt>
</Document>
