<?xml version="1.0" encoding="UTF-8"?>
<Document xmlns="urn:iso:std:iso:20022:tech:xsd:camt.053.001.02" xmlns:xsi="http://www.w3.org/2001/XMLSchema-instance">
<BkToCstmrStmt>
<GrpHdr>
<MsgId>9910201098100202606030510363171</MsgId>
<CreDtTm>2026-06-03T05:10:36</CreDtTm>
<MsgRcpt>
<Nm>98100</Nm>
</MsgRcpt>
</GrpHdr>
<Stmt>
<Id>000025578418BCC</Id>
<CreDtTm>2026-06-03T05:10:36</CreDtTm>
<Acct>
<Id>
<Othr>
<Id>000025578418</Id>
</Othr>
</Id>
</Acct>
<Bal>
<Tp>
<CdOrPrtry>
<Cd>CLBD</Cd>
</CdOrPrtry>
</Tp>
<Amt Ccy="CAD">0000001608628.26</Amt>
<CdtDbtInd>CRDT</CdtDbtInd>
<Dt>
<Dt>2026-06-02</Dt>
</Dt>
</Bal>
<Bal>
<Tp>
<CdOrPrtry>
<Cd>OPBD</Cd>
</CdOrPrtry>
</Tp>
<Amt Ccy="CAD">0000001572848.20</Amt>
<CdtDbtInd>CRDT</CdtDbtInd>
<Dt>
<Dt>2026-06-02</Dt>
</Dt>
</Bal>
<TxsSummry>
<TtlCdtNtries>
<NbOfNtries>00002</NbOfNtries>
<Sum>00000048350.78</Sum>
</TtlCdtNtries>
<TtlDbtNtries>
<NbOfNtries>00008</NbOfNtries>
<Sum>00000012570.72</Sum>
</TtlDbtNtries>
</TxsSummry>
<Ntry>
<Amt Ccy="CAD">0000000011310.07</Amt>
<CdtDbtInd>DBIT</CdtDbtInd>
<RvslInd>false</RvslInd>
<Sts>BOOK</Sts>
<ValDt>
<Dt>2026-06-02</Dt>
</ValDt>
<BkTxCd>
<Domn>
<Cd>PMNT</Cd>
<Fmly>
<Cd>ICDT</Cd>
<SubFmlyCd>OTHR</SubFmlyCd>
</Fmly>
</Domn>
</BkTxCd>
<NtryDtls>
<TxDtls>
<AddtlTxInf>INSURANCE                     ,000000000000000               ,CL GRP INSURED                ,TN0102001207610000013614</AddtlTxInf>
</TxDtls>
</NtryDtls>
</Ntry>
<Ntry>
<Amt Ccy="CAD">0000000000840.00</Amt>
<CdtDbtInd>DBIT</CdtDbtInd>
<RvslInd>false</RvslInd>
<Sts>BOOK</Sts>
<ValDt>
<Dt>2026-06-02</Dt>
</ValDt>
<BkTxCd>
<Domn>
<Cd>ACMT</Cd>
<Fmly>
<Cd>MCOP</Cd>
<SubFmlyCd>FEES</SubFmlyCd>
</Fmly>
</Domn>
</BkTxCd>
<NtryDtls>
<TxDtls>
<AddtlTxInf>SERVICE CHARGE                ,WIRES OUTGOING                ,MAY 2026                      </AddtlTxInf>
</TxDtls>
</NtryDtls>
</Ntry>
<Ntry>
<Amt Ccy="CAD">0000000000176.00</Amt>
<CdtDbtInd>DBIT</CdtDbtInd>
<RvslInd>false</RvslInd>
<Sts>BOOK</Sts>
<ValDt>
<Dt>2026-06-02</Dt>
</ValDt>
<BkTxCd>
<Domn>
<Cd>ACMT</Cd>
<Fmly>
<Cd>MCOP</Cd>
<SubFmlyCd>FEES</SubFmlyCd>
</Fmly>
</Domn>
</BkTxCd>
<NtryDtls>
<TxDtls>
<AddtlTxInf>SERVICE CHARGE                ,WIRES INCOMING                ,MAY 2026                      </AddtlTxInf>
</TxDtls>
</NtryDtls>
</Ntry>
<Ntry>
<Amt Ccy="CAD">0000000000152.00</Amt>
<CdtDbtInd>DBIT</CdtDbtInd>
<RvslInd>false</RvslInd>
<Sts>BOOK</Sts>
<ValDt>
<Dt>2026-06-02</Dt>
</ValDt>
<BkTxCd>
<Domn>
<Cd>ACMT</Cd>
<Fmly>
<Cd>MCOP</Cd>
<SubFmlyCd>FEES</SubFmlyCd>
</Fmly>
</Domn>
</BkTxCd>
<NtryDtls>
<TxDtls>
<AddtlTxInf>SERVICE CHARGE                ,AD-HOC PAYMENT                ,MAY 2026                      </AddtlTxInf>
</TxDtls>
</NtryDtls>
</Ntry>
<Ntry>
<Amt Ccy="CAD">0000000000042.00</Amt>
<CdtDbtInd>DBIT</CdtDbtInd>
<RvslInd>false</RvslInd>
<Sts>BOOK</Sts>
<ValDt>
<Dt>2026-06-02</Dt>
</ValDt>
<BkTxCd>
<Domn>
<Cd>ACMT</Cd>
<Fmly>
<Cd>MCOP</Cd>
<SubFmlyCd>FEES</SubFmlyCd>
</Fmly>
</Domn>
</BkTxCd>
<NtryDtls>
<TxDtls>
<AddtlTxInf>SERVICE CHARGE                ,NO OF TRANSFERS               ,MAY 2026                      </AddtlTxInf>
</TxDtls>
</NtryDtls>
</Ntry>
<Ntry>
<Amt Ccy="CAD">0000000000030.00</Amt>
<CdtDbtInd>DBIT</CdtDbtInd>
<RvslInd>false</RvslInd>
<Sts>BOOK</Sts>
<ValDt>
<Dt>2026-06-02</Dt>
</ValDt>
<BkTxCd>
<Domn>
<Cd>ACMT</Cd>
<Fmly>
<Cd>MCOP</Cd>
<SubFmlyCd>FEES</SubFmlyCd>
</Fmly>
</Domn>
</BkTxCd>
<NtryDtls>
<TxDtls>
<AddtlTxInf>SERVICE CHARGE                ,MONTHLY FEE                   ,MAY 2026                      </AddtlTxInf>
</TxDtls>
</NtryDtls>
</Ntry>
<Ntry>
<Amt Ccy="CAD">0000000000015.00</Amt>
<CdtDbtInd>DBIT</CdtDbtInd>
<RvslInd>false</RvslInd>
<Sts>BOOK</Sts>
<ValDt>
<Dt>2026-06-02</Dt>
</ValDt>
<BkTxCd>
<Domn>
<Cd>PMNT</Cd>
<Fmly>
<Cd>ICDT</Cd>
<SubFmlyCd>ATXN</SubFmlyCd>
</Fmly>
</Domn>
</BkTxCd>
<NtryDtls>
<TxDtls>
<AddtlTxInf>MISCELLANEOUS PAYMENT         ,TDCT BP CREDITOR SERVICE FEE  ,,TN0102004202262530507847</AddtlTxInf>
</TxDtls>
</NtryDtls>
</Ntry>
<Ntry>
<Amt Ccy="CAD">0000000000005.65</Amt>
<CdtDbtInd>DBIT</CdtDbtInd>
<RvslInd>false</RvslInd>
<Sts>BOOK</Sts>
<ValDt>
<Dt>2026-06-02</Dt>
</ValDt>
<BkTxCd>
<Domn>
<Cd>ACMT</Cd>
<Fmly>
<Cd>MCOP</Cd>
<SubFmlyCd>FEES</SubFmlyCd>
</Fmly>
</Domn>
</BkTxCd>
<NtryDtls>
<TxDtls>
<AddtlTxInf>SERVICE CHARGE                ,CIBC INTEGRATION FEE-ACCTING  ,MAY 2026                      </AddtlTxInf>
</TxDtls>
</NtryDtls>
</Ntry>
<Ntry>
<Amt Ccy="CAD">0000000045559.04</Amt>
<CdtDbtInd>CRDT</CdtDbtInd>
<RvslInd>false</RvslInd>
<Sts>BOOK</Sts>
<ValDt>
<Dt>2026-06-02</Dt>
</ValDt>
<BkTxCd>
<Domn>
<Cd>PMNT</Cd>
<Fmly>
<Cd>RCDT</Cd>
<SubFmlyCd>BOOK</SubFmlyCd>
</Fmly>
</Domn>
</BkTxCd>
<NtryDtls>
<TxDtls>
<AddtlTxInf>CMO TRANSFER                  ,FROM: 00002/55-78515          </AddtlTxInf>
</TxDtls>
</NtryDtls>
</Ntry>
<Ntry>
<Amt Ccy="CAD">0000000002791.74</Amt>
<CdtDbtInd>CRDT</CdtDbtInd>
<RvslInd>false</RvslInd>
<Sts>BOOK</Sts>
<ValDt>
<Dt>2026-06-02</Dt>
</ValDt>
<BkTxCd>
<Domn>
<Cd>PMNT</Cd>
<Fmly>
<Cd>RCDT</Cd>
<SubFmlyCd>BOOK</SubFmlyCd>
</Fmly>
</Domn>
</BkTxCd>
<NtryDtls>
<TxDtls>
<AddtlTxInf>CMO TRANSFER                  </AddtlTxInf>
</TxDtls>
</NtryDtls>
</Ntry>
</Stmt>
<Stmt>
<Id>000025578515BCC</Id>
<CreDtTm>2026-06-03T05:10:36</CreDtTm>
<Acct>
<Id>
<Othr>
<Id>000025578515</Id>
</Othr>
</Id>
</Acct>
<Bal>
<Tp>
<CdOrPrtry>
<Cd>CLBD</Cd>
</CdOrPrtry>
</Tp>
<Amt Ccy="CAD">0000023197105.01</Amt>
<CdtDbtInd>CRDT</CdtDbtInd>
<Dt>
<Dt>2026-06-02</Dt>
</Dt>
</Bal>
<Bal>
<Tp>
<CdOrPrtry>
<Cd>OPBD</Cd>
</CdOrPrtry>
</Tp>
<Amt Ccy="CAD">0000022399329.88</Amt>
<CdtDbtInd>CRDT</CdtDbtInd>
<Dt>
<Dt>2026-06-02</Dt>
</Dt>
</Bal>
<TxsSummry>
<TtlCdtNtries>
<NbOfNtries>00009</NbOfNtries>
<Sum>00002915723.24</Sum>
</TtlCdtNtries>
<TtlDbtNtries>
<NbOfNtries>00011</NbOfNtries>
<Sum>00002117948.11</Sum>
</TtlDbtNtries>
</TxsSummry>
<Ntry>
<Amt Ccy="CAD">0000001152901.44</Amt>
<CdtDbtInd>DBIT</CdtDbtInd>
<RvslInd>false</RvslInd>
<Sts>BOOK</Sts>
<ValDt>
<Dt>2026-06-02</Dt>
</ValDt>
<BkTxCd>
<Domn>
<Cd>PMNT</Cd>
<Fmly>
<Cd>ICDT</Cd>
<SubFmlyCd>DMCT</SubFmlyCd>
</Fmly>
</Domn>
</BkTxCd>
<NtryDtls>
<TxDtls>
<AddtlTxInf>WIRE PAYMENT3948606           ,FundServ Inc.                 </AddtlTxInf>
</TxDtls>
</NtryDtls>
</Ntry>
<Ntry>
<Amt Ccy="CAD">0000000273000.00</Amt>
<CdtDbtInd>DBIT</CdtDbtInd>
<RvslInd>false</RvslInd>
<Sts>BOOK</Sts>
<ValDt>
<Dt>2026-06-02</Dt>
</ValDt>
<BkTxCd>
<Domn>
<Cd>ACMT</Cd>
<Fmly>
<Cd>MDOP</Cd>
<SubFmlyCd>OTHR</SubFmlyCd>
</Fmly>
</Domn>
</BkTxCd>
<NtryDtls>
<TxDtls>
<AddtlTxInf>DEBIT MEMO                    ,SETTLEMENT 5885               ,CIBC DATA CENTRE 01020        ,TN0000010604348499940825</AddtlTxInf>
</TxDtls>
</NtryDtls>
</Ntry>
<Ntry>
<Amt Ccy="CAD">0000000259235.90</Amt>
<CdtDbtInd>DBIT</CdtDbtInd>
<RvslInd>false</RvslInd>
<Sts>BOOK</Sts>
<ValDt>
<Dt>2026-06-02</Dt>
</ValDt>
<BkTxCd>
<Domn>
<Cd>ACMT</Cd>
<Fmly>
<Cd>MDOP</Cd>
<SubFmlyCd>OTHR</SubFmlyCd>
</Fmly>
</Domn>
</BkTxCd>
<NtryDtls>
<TxDtls>
<AddtlTxInf>DEBIT MEMO                    ,SETTLEMENT 5889               ,CIBC DATA CENTRE 01020        ,TN0000010604354505305106</AddtlTxInf>
</TxDtls>
</NtryDtls>
</Ntry>
<Ntry>
<Amt Ccy="CAD">0000000180000.00</Amt>
<CdtDbtInd>DBIT</CdtDbtInd>
<RvslInd>false</RvslInd>
<Sts>BOOK</Sts>
<ValDt>
<Dt>2026-06-02</Dt>
</ValDt>
<BkTxCd>
<Domn>
<Cd>ACMT</Cd>
<Fmly>
<Cd>MDOP</Cd>
<SubFmlyCd>OTHR</SubFmlyCd>
</Fmly>
</Domn>
</BkTxCd>
<NtryDtls>
<TxDtls>
<AddtlTxInf>DEBIT MEMO                    ,SETTLEMENT 3261               ,CIBC DATA CENTRE 01020        ,TN0000010203261505514474</AddtlTxInf>
</TxDtls>
</NtryDtls>
</Ntry>
<Ntry>
<Amt Ccy="CAD">0000000160004.73</Amt>
<CdtDbtInd>DBIT</CdtDbtInd>
<RvslInd>false</RvslInd>
<Sts>BOOK</Sts>
<ValDt>
<Dt>2026-06-02</Dt>
</ValDt>
<BkTxCd>
<Domn>
<Cd>PMNT</Cd>
<Fmly>
<Cd>ICDT</Cd>
<SubFmlyCd>DMCT</SubFmlyCd>
</Fmly>
</Domn>
</BkTxCd>
<NtryDtls>
<TxDtls>
<AddtlTxInf>WIRE PAYMENT3948563           ,FundServ Inc.                 </AddtlTxInf>
</TxDtls>
</NtryDtls>
</Ntry>
<Ntry>
<Amt Ccy="CAD">0000000045559.04</Amt>
<CdtDbtInd>DBIT</CdtDbtInd>
<RvslInd>false</RvslInd>
<Sts>BOOK</Sts>
<ValDt>
<Dt>2026-06-02</Dt>
</ValDt>
<BkTxCd>
<Domn>
<Cd>PMNT</Cd>
<Fmly>
<Cd>ICDT</Cd>
<SubFmlyCd>BOOK</SubFmlyCd>
</Fmly>
</Domn>
</BkTxCd>
<NtryDtls>
<TxDtls>
<AddtlTxInf>CMO TRANSFER                  ,TO: 00002/55-78418            </AddtlTxInf>
</TxDtls>
</NtryDtls>
</Ntry>
<Ntry>
<Amt Ccy="CAD">0000000023632.00</Amt>
<CdtDbtInd>DBIT</CdtDbtInd>
<RvslInd>false</RvslInd>
<Sts>BOOK</Sts>
<ValDt>
<Dt>2026-06-02</Dt>
</ValDt>
<BkTxCd>
<Domn>
<Cd>PMNT</Cd>
<Fmly>
<Cd>RCDT</Cd>
<SubFmlyCd>ARET</SubFmlyCd>
</Fmly>
</Domn>
</BkTxCd>
<NtryDtls>
<TxDtls>
<AddtlTxInf>EFT RETURNED ITEM             ,AGORA DEALER SERVICES         ,,TN0101815100159000000953</AddtlTxInf>
</TxDtls>
</NtryDtls>
</Ntry>
<Ntry>
<Amt Ccy="CAD">0000000018500.00</Amt>
<CdtDbtInd>DBIT</CdtDbtInd>
<RvslInd>false</RvslInd>
<Sts>BOOK</Sts>
<ValDt>
<Dt>2026-06-02</Dt>
</ValDt>
<BkTxCd>
<Domn>
<Cd>ACMT</Cd>
<Fmly>
<Cd>MDOP</Cd>
<SubFmlyCd>OTHR</SubFmlyCd>
</Fmly>
</Domn>
</BkTxCd>
<NtryDtls>
<TxDtls>
<AddtlTxInf>DEBIT MEMO                    ,SETTLEMENT 5886               ,CIBC DATA CENTRE 01020        ,TN0000010604351499940836</AddtlTxInf>
</TxDtls>
</NtryDtls>
</Ntry>
<Ntry>
<Amt Ccy="CAD">0000000005000.00</Amt>
<CdtDbtInd>DBIT</CdtDbtInd>
<RvslInd>false</RvslInd>
<Sts>BOOK</Sts>
<ValDt>
<Dt>2026-06-02</Dt>
</ValDt>
<BkTxCd>
<Domn>
<Cd>PMNT</Cd>
<Fmly>
<Cd>RCDT</Cd>
<SubFmlyCd>ARET</SubFmlyCd>
</Fmly>
</Domn>
</BkTxCd>
<NtryDtls>
<TxDtls>
<AddtlTxInf>EFT RETURNED ITEM             ,AGORA DEALER SERVICES         ,,TN0102004202261523167779</AddtlTxInf>
</TxDtls>
</NtryDtls>
</Ntry>
<Ntry>
<Amt Ccy="CAD">0000000000100.00</Amt>
<CdtDbtInd>DBIT</CdtDbtInd>
<RvslInd>false</RvslInd>
<Sts>BOOK</Sts>
<ValDt>
<Dt>2026-06-02</Dt>
</ValDt>
<BkTxCd>
<Domn>
<Cd>PMNT</Cd>
<Fmly>
<Cd>RCDT</Cd>
<SubFmlyCd>ARET</SubFmlyCd>
</Fmly>
</Domn>
</BkTxCd>
<NtryDtls>
<TxDtls>
<AddtlTxInf>EFT RETURNED ITEM             ,AGORA DEALER SERVICES         ,,TN0102001207609000064500</AddtlTxInf>
</TxDtls>
</NtryDtls>
</Ntry>
<Ntry>
<Amt Ccy="CAD">0000000000015.00</Amt>
<CdtDbtInd>DBIT</CdtDbtInd>
<RvslInd>false</RvslInd>
<Sts>BOOK</Sts>
<ValDt>
<Dt>2026-06-02</Dt>
</ValDt>
<BkTxCd>
<Domn>
<Cd>PMNT</Cd>
<Fmly>
<Cd>RCDT</Cd>
<SubFmlyCd>ARET</SubFmlyCd>
</Fmly>
</Domn>
</BkTxCd>
<NtryDtls>
<TxDtls>
<AddtlTxInf>EFT RETURNED ITEM             ,AGORA DEALER SERVICES         ,,TN0102003202043105301500</AddtlTxInf>
</TxDtls>
</NtryDtls>
</Ntry>
<Ntry>
<Amt Ccy="CAD">0000001442155.56</Amt>
<CdtDbtInd>CRDT</CdtDbtInd>
<RvslInd>false</RvslInd>
<Sts>BOOK</Sts>
<ValDt>
<Dt>2026-06-02</Dt>
</ValDt>
<BkTxCd>
<Domn>
<Cd>ACMT</Cd>
<Fmly>
<Cd>MCOP</Cd>
<SubFmlyCd>OTHR</SubFmlyCd>
</Fmly>
</Domn>
</BkTxCd>
<NtryDtls>
<TxDtls>
<AddtlTxInf>CREDIT MEMO                   ,SETTLEMENT 5887               ,CIBC DATA CENTRE 01020        ,TN0000010603092505305217</AddtlTxInf>
</TxDtls>
</NtryDtls>
</Ntry>
<Ntry>
<Amt Ccy="CAD">0000000767458.46</Amt>
<CdtDbtInd>CRDT</CdtDbtInd>
<RvslInd>false</RvslInd>
<Sts>BOOK</Sts>
<ValDt>
<Dt>2026-06-02</Dt>
</ValDt>
<BkTxCd>
<Domn>
<Cd>PMNT</Cd>
<Fmly>
<Cd>RCDT</Cd>
<SubFmlyCd>DMCT</SubFmlyCd>
</Fmly>
</Domn>
</BkTxCd>
<NtryDtls>
<TxDtls>
<AddtlTxInf>WIRE TSF 0294179              ,FUNDSERV INC                  </AddtlTxInf>
</TxDtls>
</NtryDtls>
</Ntry>
<Ntry>
<Amt Ccy="CAD">0000000326638.25</Amt>
<CdtDbtInd>CRDT</CdtDbtInd>
<RvslInd>false</RvslInd>
<Sts>BOOK</Sts>
<ValDt>
<Dt>2026-06-02</Dt>
</ValDt>
<BkTxCd>
<Domn>
<Cd>PMNT</Cd>
<Fmly>
<Cd>CNTR</Cd>
<SubFmlyCd>MIXD</SubFmlyCd>
</Fmly>
</Domn>
</BkTxCd>
<NtryDtls>
<TxDtls>
<AddtlTxInf>INSTANT TELLER DEPOSIT 4C13   ,4506*********696              </AddtlTxInf>
</TxDtls>
</NtryDtls>
</Ntry>
<Ntry>
<Amt Ccy="CAD">0000000190511.00</Amt>
<CdtDbtInd>CRDT</CdtDbtInd>
<RvslInd>false</RvslInd>
<Sts>BOOK</Sts>
<ValDt>
<Dt>2026-06-02</Dt>
</ValDt>
<BkTxCd>
<Domn>
<Cd>ACMT</Cd>
<Fmly>
<Cd>MCOP</Cd>
<SubFmlyCd>OTHR</SubFmlyCd>
</Fmly>
</Domn>
</BkTxCd>
<NtryDtls>
<TxDtls>
<AddtlTxInf>CREDIT MEMO                   ,SETTLEMENT 5888               ,CIBC DATA CENTRE 01020        ,TN0000010603093505305267</AddtlTxInf>
</TxDtls>
</NtryDtls>
</Ntry>
<Ntry>
<Amt Ccy="CAD">0000000100200.00</Amt>
<CdtDbtInd>CRDT</CdtDbtInd>
<RvslInd>false</RvslInd>
<Sts>BOOK</Sts>
<ValDt>
<Dt>2026-06-02</Dt>
</ValDt>
<BkTxCd>
<Domn>
<Cd>ACMT</Cd>
<Fmly>
<Cd>MCOP</Cd>
<SubFmlyCd>OTHR</SubFmlyCd>
</Fmly>
</Domn>
</BkTxCd>
<NtryDtls>
<TxDtls>
<AddtlTxInf>CREDIT MEMO                   ,SETTLEMENT 5891               ,CIBC DATA CENTRE 01020        ,TN0000010603094505856534</AddtlTxInf>
</TxDtls>
</NtryDtls>
</Ntry>
<Ntry>
<Amt Ccy="CAD">0000000046951.97</Amt>
<CdtDbtInd>CRDT</CdtDbtInd>
<RvslInd>false</RvslInd>
<Sts>BOOK</Sts>
<ValDt>
<Dt>2026-06-02</Dt>
</ValDt>
<BkTxCd>
<Domn>
<Cd>PMNT</Cd>
<Fmly>
<Cd>RCDT</Cd>
<SubFmlyCd>APAC</SubFmlyCd>
</Fmly>
</Domn>
</BkTxCd>
<NtryDtls>
<TxDtls>
<AddtlTxInf>MISCELLANEOUS PAYMENT         ,Home Bank                     ,,TN0102001207606000029903</AddtlTxInf>
</TxDtls>
</NtryDtls>
</Ntry>
<Ntry>
<Amt Ccy="CAD">0000000041408.00</Amt>
<CdtDbtInd>CRDT</CdtDbtInd>
<RvslInd>false</RvslInd>
<Sts>BOOK</Sts>
<ValDt>
<Dt>2026-06-02</Dt>
</ValDt>
<BkTxCd>
<Domn>
<Cd>PMNT</Cd>
<Fmly>
<Cd>RCDT</Cd>
<SubFmlyCd>APAC</SubFmlyCd>
</Fmly>
</Domn>
</BkTxCd>
<NtryDtls>
<TxDtls>
<AddtlTxInf>MISCELLANEOUS PAYMENT         ,Home Trust Company            ,,TN0102001207606000031535</AddtlTxInf>
</TxDtls>
</NtryDtls>
</Ntry>
<Ntry>
<Amt Ccy="CAD">0000000000300.00</Amt>
<CdtDbtInd>CRDT</CdtDbtInd>
<RvslInd>false</RvslInd>
<Sts>BOOK</Sts>
<ValDt>
<Dt>2026-06-02</Dt>
</ValDt>
<BkTxCd>
<Domn>
<Cd>PMNT</Cd>
<Fmly>
<Cd>RCDT</Cd>
<SubFmlyCd>APAC</SubFmlyCd>
</Fmly>
</Domn>
</BkTxCd>
<NtryDtls>
<TxDtls>
<AddtlTxInf>MISCELLANEOUS PAYMENT         ,EDI **615212929               ,CIBCABP                       ,TN0000010200000503368065</AddtlTxInf>
</TxDtls>
</NtryDtls>
</Ntry>
<Ntry>
<Amt Ccy="CAD">0000000000100.00</Amt>
<CdtDbtInd>CRDT</CdtDbtInd>
<RvslInd>false</RvslInd>
<Sts>BOOK</Sts>
<ValDt>
<Dt>2026-06-02</Dt>
</ValDt>
<BkTxCd>
<Domn>
<Cd>PMNT</Cd>
<Fmly>
<Cd>RCDT</Cd>
<SubFmlyCd>APAC</SubFmlyCd>
</Fmly>
</Domn>
</BkTxCd>
<NtryDtls>
<TxDtls>
<AddtlTxInf>MISCELLANEOUS PAYMENT         ,EDI 22300427938               ,ROYAL DIRECT                  ,TN0000010200000504901321</AddtlTxInf>
</TxDtls>
</NtryDtls>
</Ntry>
</Stmt>
<Stmt>
<Id>000020385212BCC</Id>
<CreDtTm>2026-06-03T05:10:36</CreDtTm>
<Acct>
<Id>
<Othr>
<Id>000020385212</Id>
</Othr>
</Id>
</Acct>
<Bal>
<Tp>
<CdOrPrtry>
<Cd>CLBD</Cd>
</CdOrPrtry>
</Tp>
<Amt Ccy="USD">0000000773857.54</Amt>
<CdtDbtInd>CRDT</CdtDbtInd>
<Dt>
<Dt>2026-06-02</Dt>
</Dt>
</Bal>
<Bal>
<Tp>
<CdOrPrtry>
<Cd>OPBD</Cd>
</CdOrPrtry>
</Tp>
<Amt Ccy="USD">0000000805819.64</Amt>
<CdtDbtInd>CRDT</CdtDbtInd>
<Dt>
<Dt>2026-06-02</Dt>
</Dt>
</Bal>
<TxsSummry>
<TtlCdtNtries>
<NbOfNtries>00001</NbOfNtries>
<Sum>00000000090.65</Sum>
</TtlCdtNtries>
<TtlDbtNtries>
<NbOfNtries>00002</NbOfNtries>
<Sum>00000032052.75</Sum>
</TtlDbtNtries>
</TxsSummry>
<Ntry>
<Amt Ccy="USD">0000000030000.00</Amt>
<CdtDbtInd>DBIT</CdtDbtInd>
<RvslInd>false</RvslInd>
<Sts>BOOK</Sts>
<ValDt>
<Dt>2026-06-02</Dt>
</ValDt>
<BkTxCd>
<Domn>
<Cd>PMNT</Cd>
<Fmly>
<Cd>ICDT</Cd>
<SubFmlyCd>DMCT</SubFmlyCd>
</Fmly>
</Domn>
</BkTxCd>
<NtryDtls>
<TxDtls>
<AddtlTxInf>WIRE PAYMENT3948596           ,Fundserv Inc.                 </AddtlTxInf>
</TxDtls>
</NtryDtls>
</Ntry>
<Ntry>
<Amt Ccy="USD">0000000002052.75</Amt>
<CdtDbtInd>DBIT</CdtDbtInd>
<RvslInd>false</RvslInd>
<Sts>BOOK</Sts>
<ValDt>
<Dt>2026-06-02</Dt>
</ValDt>
<BkTxCd>
<Domn>
<Cd>PMNT</Cd>
<Fmly>
<Cd>ICDT</Cd>
<SubFmlyCd>BOOK</SubFmlyCd>
</Fmly>
</Domn>
</BkTxCd>
<NtryDtls>
<TxDtls>
<AddtlTxInf>CMO TRANSFER                  </AddtlTxInf>
</TxDtls>
</NtryDtls>
</Ntry>
<Ntry>
<Amt Ccy="USD">0000000000090.65</Amt>
<CdtDbtInd>CRDT</CdtDbtInd>
<RvslInd>false</RvslInd>
<Sts>BOOK</Sts>
<ValDt>
<Dt>2026-06-02</Dt>
</ValDt>
<BkTxCd>
<Domn>
<Cd>PMNT</Cd>
<Fmly>
<Cd>RCDT</Cd>
<SubFmlyCd>DMCT</SubFmlyCd>
</Fmly>
</Domn>
</BkTxCd>
<NtryDtls>
<TxDtls>
<AddtlTxInf>WIRE TSF 0291607              ,FUNDSERV INC                  </AddtlTxInf>
</TxDtls>
</NtryDtls>
</Ntry>
</Stmt>
</BkToCstmrStmt>
</Document>
