<?xml version="1.0" ?>
<Document xmlns="urn:iso:std:iso:20022:tech:xsd:camt.053.001.02" xmlns:xsi="http://www.w3.org/2001/XMLSchema-instance">
  <BkToCstmrStmt>
    <GrpHdr>
      <MsgId>9910201098100202604290510021816</MsgId>
      <CreDtTm>2026-04-29T05:10:02</CreDtTm>
      <MsgRcpt>
        <Nm>98100</Nm>
      </MsgRcpt>
    </GrpHdr>
    <Stmt>
      <Id>000025578418BCC</Id>
      <CreDtTm>2026-04-29T05:10:02</CreDtTm>
      <Acct>
        <Id>
          <Othr>
            <Id>000025578418</Id>
          </Othr>
        </Id>
      </Acct>
      <Bal>
        <Tp>
          <CdOrPrtry>
            <Cd>CLBD</Cd>
          </CdOrPrtry>
        </Tp>
        <Amt Ccy="CAD">0000001518417.11</Amt>
        <CdtDbtInd>CRDT</CdtDbtInd>
        <Dt>
          <Dt>2026-04-28</Dt>
        </Dt>
      </Bal>
      <Bal>
        <Tp>
          <CdOrPrtry>
            <Cd>OPBD</Cd>
          </CdOrPrtry>
        </Tp>
        <Amt Ccy="CAD">0000001625751.29</Amt>
        <CdtDbtInd>CRDT</CdtDbtInd>
        <Dt>
          <Dt>2026-04-28</Dt>
        </Dt>
      </Bal>
      <TxsSummry>
        <TtlCdtNtries>
          <NbOfNtries>00002</NbOfNtries>
          <Sum>00000007641.93</Sum>
        </TtlCdtNtries>
        <TtlDbtNtries>
          <NbOfNtries>00004</NbOfNtries>
          <Sum>00000114976.11</Sum>
        </TtlDbtNtries>
      </TxsSummry>
      <Ntry>
        <Amt Ccy="CAD">0000000096359.03</Amt>
        <CdtDbtInd>DBIT</CdtDbtInd>
        <RvslInd>false</RvslInd>
        <Sts>BOOK</Sts>
        <ValDt>
          <Dt>2026-04-28</Dt>
        </ValDt>
        <BkTxCd>
          <Domn>
            <Cd>PMNT</Cd>
            <Fmly>
              <Cd>IDDT</Cd>
              <SubFmlyCd>PADD</SubFmlyCd>
            </Fmly>
          </Domn>
        </BkTxCd>
        <NtryDtls>
          <TxDtls>
            <AddtlTxInf>PREAUTHORIZED DEBIT           ,CUST # PPA 0914               ,CUST # PPA 0914 BUSINESS PAD  ,TN0000010700000359518965</AddtlTxInf>
          </TxDtls>
        </NtryDtls>
      </Ntry>
      <Ntry>
        <Amt Ccy="CAD">0000000011937.48</Amt>
        <CdtDbtInd>DBIT</CdtDbtInd>
        <RvslInd>false</RvslInd>
        <Sts>BOOK</Sts>
        <ValDt>
          <Dt>2026-04-28</Dt>
        </ValDt>
        <BkTxCd>
          <Domn>
            <Cd>ACMT</Cd>
            <Fmly>
              <Cd>MDOP</Cd>
              <SubFmlyCd>OTHR</SubFmlyCd>
            </Fmly>
          </Domn>
        </BkTxCd>
        <NtryDtls>
          <TxDtls>
            <AddtlTxInf>DEBIT MEMO                    ,SETTLEMENT 3179               ,CIBC DATA CENTRE 01020        ,TN0000010203179350005285</AddtlTxInf>
          </TxDtls>
        </NtryDtls>
      </Ntry>
      <Ntry>
        <Amt Ccy="CAD">0000000006230.05</Amt>
        <CdtDbtInd>DBIT</CdtDbtInd>
        <RvslInd>false</RvslInd>
        <Sts>BOOK</Sts>
        <ValDt>
          <Dt>2026-04-28</Dt>
        </ValDt>
        <BkTxCd>
          <Domn>
            <Cd>ACMT</Cd>
            <Fmly>
              <Cd>MDOP</Cd>
              <SubFmlyCd>OTHR</SubFmlyCd>
            </Fmly>
          </Domn>
        </BkTxCd>
        <NtryDtls>
          <TxDtls>
            <AddtlTxInf>DEBIT MEMO                    ,SETTLEMENT 3175               ,CIBC DATA CENTRE 01020        ,TN0000010203175350005277</AddtlTxInf>
          </TxDtls>
        </NtryDtls>
      </Ntry>
      <Ntry>
        <Amt Ccy="CAD">0000000000449.55</Amt>
        <CdtDbtInd>DBIT</CdtDbtInd>
        <RvslInd>false</RvslInd>
        <Sts>BOOK</Sts>
        <ValDt>
          <Dt>2026-04-28</Dt>
        </ValDt>
        <BkTxCd>
          <Domn>
            <Cd>ACMT</Cd>
            <Fmly>
              <Cd>MDOP</Cd>
              <SubFmlyCd>OTHR</SubFmlyCd>
            </Fmly>
          </Domn>
        </BkTxCd>
        <NtryDtls>
          <TxDtls>
            <AddtlTxInf>DEBIT MEMO                    ,SETTLEMENT 3180               ,CIBC DATA CENTRE 01020        ,TN0000010203180350005287</AddtlTxInf>
          </TxDtls>
        </NtryDtls>
      </Ntry>
      <Ntry>
        <Amt Ccy="CAD">0000000003839.94</Amt>
        <CdtDbtInd>CRDT</CdtDbtInd>
        <RvslInd>false</RvslInd>
        <Sts>BOOK</Sts>
        <ValDt>
          <Dt>2026-04-28</Dt>
        </ValDt>
        <BkTxCd>
          <Domn>
            <Cd>PMNT</Cd>
            <Fmly>
              <Cd>RCDT</Cd>
              <SubFmlyCd>BOOK</SubFmlyCd>
            </Fmly>
          </Domn>
        </BkTxCd>
        <NtryDtls>
          <TxDtls>
            <AddtlTxInf>CMO TRANSFER                  ,FROM: 00002/55-78914          </AddtlTxInf>
          </TxDtls>
        </NtryDtls>
      </Ntry>
      <Ntry>
        <Amt Ccy="CAD">0000000003801.99</Amt>
        <CdtDbtInd>CRDT</CdtDbtInd>
        <RvslInd>false</RvslInd>
        <Sts>BOOK</Sts>
        <ValDt>
          <Dt>2026-04-28</Dt>
        </ValDt>
        <BkTxCd>
          <Domn>
            <Cd>PMNT</Cd>
            <Fmly>
              <Cd>RCDT</Cd>
              <SubFmlyCd>BOOK</SubFmlyCd>
            </Fmly>
          </Domn>
        </BkTxCd>
        <NtryDtls>
          <TxDtls>
            <AddtlTxInf>CMO TRANSFER                  ,FROM: 00002/55-78515          </AddtlTxInf>
          </TxDtls>
        </NtryDtls>
      </Ntry>
    </Stmt>
    <Stmt>
      <Id>000025578515BCC</Id>
      <CreDtTm>2026-04-29T05:10:02</CreDtTm>
      <Acct>
        <Id>
          <Othr>
            <Id>000025578515</Id>
          </Othr>
        </Id>
      </Acct>
      <Bal>
        <Tp>
          <CdOrPrtry>
            <Cd>CLBD</Cd>
          </CdOrPrtry>
        </Tp>
        <Amt Ccy="CAD">0000024586333.14</Amt>
        <CdtDbtInd>CRDT</CdtDbtInd>
        <Dt>
          <Dt>2026-04-28</Dt>
        </Dt>
      </Bal>
      <Bal>
        <Tp>
          <CdOrPrtry>
            <Cd>OPBD</Cd>
          </CdOrPrtry>
        </Tp>
        <Amt Ccy="CAD">0000027144154.92</Amt>
        <CdtDbtInd>CRDT</CdtDbtInd>
        <Dt>
          <Dt>2026-04-28</Dt>
        </Dt>
      </Bal>
      <TxsSummry>
        <TtlCdtNtries>
          <NbOfNtries>00006</NbOfNtries>
          <Sum>00001079845.78</Sum>
        </TtlCdtNtries>
        <TtlDbtNtries>
          <NbOfNtries>00013</NbOfNtries>
          <Sum>00003637667.56</Sum>
        </TtlDbtNtries>
      </TxsSummry>
      <Ntry>
        <Amt Ccy="CAD">0000001837629.03</Amt>
        <CdtDbtInd>DBIT</CdtDbtInd>
        <RvslInd>false</RvslInd>
        <Sts>BOOK</Sts>
        <ValDt>
          <Dt>2026-04-28</Dt>
        </ValDt>
        <BkTxCd>
          <Domn>
            <Cd>PMNT</Cd>
            <Fmly>
              <Cd>ICDT</Cd>
              <SubFmlyCd>DMCT</SubFmlyCd>
            </Fmly>
          </Domn>
        </BkTxCd>
        <NtryDtls>
          <TxDtls>
            <AddtlTxInf>WIRE PAYMENT3265016           ,FundServ Inc.                 </AddtlTxInf>
          </TxDtls>
        </NtryDtls>
      </Ntry>
      <Ntry>
        <Amt Ccy="CAD">0000001008591.71</Amt>
        <CdtDbtInd>DBIT</CdtDbtInd>
        <RvslInd>false</RvslInd>
        <Sts>BOOK</Sts>
        <ValDt>
          <Dt>2026-04-28</Dt>
        </ValDt>
        <BkTxCd>
          <Domn>
            <Cd>PMNT</Cd>
            <Fmly>
              <Cd>ICDT</Cd>
              <SubFmlyCd>DMCT</SubFmlyCd>
            </Fmly>
          </Domn>
        </BkTxCd>
        <NtryDtls>
          <TxDtls>
            <AddtlTxInf>WIRE PAYMENT3265217           ,FundServ Inc.                 </AddtlTxInf>
          </TxDtls>
        </NtryDtls>
      </Ntry>
      <Ntry>
        <Amt Ccy="CAD">0000000385218.77</Amt>
        <CdtDbtInd>DBIT</CdtDbtInd>
        <RvslInd>false</RvslInd>
        <Sts>BOOK</Sts>
        <ValDt>
          <Dt>2026-04-28</Dt>
        </ValDt>
        <BkTxCd>
          <Domn>
            <Cd>ACMT</Cd>
            <Fmly>
              <Cd>MDOP</Cd>
              <SubFmlyCd>OTHR</SubFmlyCd>
            </Fmly>
          </Domn>
        </BkTxCd>
        <NtryDtls>
          <TxDtls>
            <AddtlTxInf>DEBIT MEMO                    ,SETTLEMENT 5756               ,CIBC DATA CENTRE 01020        ,TN0000010604236361015307</AddtlTxInf>
          </TxDtls>
        </NtryDtls>
      </Ntry>
      <Ntry>
        <Amt Ccy="CAD">0000000254410.54</Amt>
        <CdtDbtInd>DBIT</CdtDbtInd>
        <RvslInd>false</RvslInd>
        <Sts>BOOK</Sts>
        <ValDt>
          <Dt>2026-04-28</Dt>
        </ValDt>
        <BkTxCd>
          <Domn>
            <Cd>PMNT</Cd>
            <Fmly>
              <Cd>ICDT</Cd>
              <SubFmlyCd>DMCT</SubFmlyCd>
            </Fmly>
          </Domn>
        </BkTxCd>
        <NtryDtls>
          <TxDtls>
            <AddtlTxInf>WIRE PAYMENT3265162           ,FundServ Inc.                 </AddtlTxInf>
          </TxDtls>
        </NtryDtls>
      </Ntry>
      <Ntry>
        <Amt Ccy="CAD">0000000055000.00</Amt>
        <CdtDbtInd>DBIT</CdtDbtInd>
        <RvslInd>false</RvslInd>
        <Sts>BOOK</Sts>
        <ValDt>
          <Dt>2026-04-28</Dt>
        </ValDt>
        <BkTxCd>
          <Domn>
            <Cd>PMNT</Cd>
            <Fmly>
              <Cd>RCDT</Cd>
              <SubFmlyCd>ARET</SubFmlyCd>
            </Fmly>
          </Domn>
        </BkTxCd>
        <NtryDtls>
          <TxDtls>
            <AddtlTxInf>EFT RETURNED ITEM             ,AGORA DEALER SERVICES         ,,TN0000010230000361337137</AddtlTxInf>
          </TxDtls>
        </NtryDtls>
      </Ntry>
      <Ntry>
        <Amt Ccy="CAD">0000000038681.90</Amt>
        <CdtDbtInd>DBIT</CdtDbtInd>
        <RvslInd>false</RvslInd>
        <Sts>BOOK</Sts>
        <ValDt>
          <Dt>2026-04-28</Dt>
        </ValDt>
        <BkTxCd>
          <Domn>
            <Cd>ACMT</Cd>
            <Fmly>
              <Cd>MDOP</Cd>
              <SubFmlyCd>OTHR</SubFmlyCd>
            </Fmly>
          </Domn>
        </BkTxCd>
        <NtryDtls>
          <TxDtls>
            <AddtlTxInf>DEBIT MEMO                    ,SETTLEMENT 5747               ,CIBC DATA CENTRE 01020        ,TN0000010604230354249819</AddtlTxInf>
          </TxDtls>
        </NtryDtls>
      </Ntry>
      <Ntry>
        <Amt Ccy="CAD">0000000029883.62</Amt>
        <CdtDbtInd>DBIT</CdtDbtInd>
        <RvslInd>false</RvslInd>
        <Sts>BOOK</Sts>
        <ValDt>
          <Dt>2026-04-28</Dt>
        </ValDt>
        <BkTxCd>
          <Domn>
            <Cd>ACMT</Cd>
            <Fmly>
              <Cd>MDOP</Cd>
              <SubFmlyCd>OTHR</SubFmlyCd>
            </Fmly>
          </Domn>
        </BkTxCd>
        <NtryDtls>
          <TxDtls>
            <AddtlTxInf>DEBIT MEMO                    ,SETTLEMENT 5755               ,CIBC DATA CENTRE 01020        ,TN0000010604234361015255</AddtlTxInf>
          </TxDtls>
        </NtryDtls>
      </Ntry>
      <Ntry>
        <Amt Ccy="CAD">0000000019000.00</Amt>
        <CdtDbtInd>DBIT</CdtDbtInd>
        <RvslInd>false</RvslInd>
        <Sts>BOOK</Sts>
        <ValDt>
          <Dt>2026-04-28</Dt>
        </ValDt>
        <BkTxCd>
          <Domn>
            <Cd>ACMT</Cd>
            <Fmly>
              <Cd>MDOP</Cd>
              <SubFmlyCd>OTHR</SubFmlyCd>
            </Fmly>
          </Domn>
        </BkTxCd>
        <NtryDtls>
          <TxDtls>
            <AddtlTxInf>DEBIT MEMO                    ,SETTLEMENT 3185               ,CIBC DATA CENTRE 01020        ,TN0000010203185359825439</AddtlTxInf>
          </TxDtls>
        </NtryDtls>
      </Ntry>
      <Ntry>
        <Amt Ccy="CAD">0000000004500.00</Amt>
        <CdtDbtInd>DBIT</CdtDbtInd>
        <RvslInd>false</RvslInd>
        <Sts>BOOK</Sts>
        <ValDt>
          <Dt>2026-04-28</Dt>
        </ValDt>
        <BkTxCd>
          <Domn>
            <Cd>ACMT</Cd>
            <Fmly>
              <Cd>MDOP</Cd>
              <SubFmlyCd>OTHR</SubFmlyCd>
            </Fmly>
          </Domn>
        </BkTxCd>
        <NtryDtls>
          <TxDtls>
            <AddtlTxInf>DEBIT MEMO                    ,SETTLEMENT 5748               ,CIBC DATA CENTRE 01020        ,TN0000010604231354249821</AddtlTxInf>
          </TxDtls>
        </NtryDtls>
      </Ntry>
      <Ntry>
        <Amt Ccy="CAD">0000000003801.99</Amt>
        <CdtDbtInd>DBIT</CdtDbtInd>
        <RvslInd>false</RvslInd>
        <Sts>BOOK</Sts>
        <ValDt>
          <Dt>2026-04-28</Dt>
        </ValDt>
        <BkTxCd>
          <Domn>
            <Cd>PMNT</Cd>
            <Fmly>
              <Cd>ICDT</Cd>
              <SubFmlyCd>BOOK</SubFmlyCd>
            </Fmly>
          </Domn>
        </BkTxCd>
        <NtryDtls>
          <TxDtls>
            <AddtlTxInf>CMO TRANSFER                  ,TO: 00002/55-78418            </AddtlTxInf>
          </TxDtls>
        </NtryDtls>
      </Ntry>
      <Ntry>
        <Amt Ccy="CAD">0000000000400.00</Amt>
        <CdtDbtInd>DBIT</CdtDbtInd>
        <RvslInd>false</RvslInd>
        <Sts>BOOK</Sts>
        <ValDt>
          <Dt>2026-04-28</Dt>
        </ValDt>
        <BkTxCd>
          <Domn>
            <Cd>PMNT</Cd>
            <Fmly>
              <Cd>RCDT</Cd>
              <SubFmlyCd>ARET</SubFmlyCd>
            </Fmly>
          </Domn>
        </BkTxCd>
        <NtryDtls>
          <TxDtls>
            <AddtlTxInf>EFT RETURNED ITEM             ,AGORA DEALER SERVICES         ,,TN0000010230000361337141</AddtlTxInf>
          </TxDtls>
        </NtryDtls>
      </Ntry>
      <Ntry>
        <Amt Ccy="CAD">0000000000350.00</Amt>
        <CdtDbtInd>DBIT</CdtDbtInd>
        <RvslInd>false</RvslInd>
        <Sts>BOOK</Sts>
        <ValDt>
          <Dt>2026-04-28</Dt>
        </ValDt>
        <BkTxCd>
          <Domn>
            <Cd>PMNT</Cd>
            <Fmly>
              <Cd>RCDT</Cd>
              <SubFmlyCd>ARET</SubFmlyCd>
            </Fmly>
          </Domn>
        </BkTxCd>
        <NtryDtls>
          <TxDtls>
            <AddtlTxInf>EFT RETURNED ITEM             ,AGORA DEALER SERVICES         ,,TN0102003201970205802190</AddtlTxInf>
          </TxDtls>
        </NtryDtls>
      </Ntry>
      <Ntry>
        <Amt Ccy="CAD">0000000000200.00</Amt>
        <CdtDbtInd>DBIT</CdtDbtInd>
        <RvslInd>false</RvslInd>
        <Sts>BOOK</Sts>
        <ValDt>
          <Dt>2026-04-28</Dt>
        </ValDt>
        <BkTxCd>
          <Domn>
            <Cd>PMNT</Cd>
            <Fmly>
              <Cd>RCDT</Cd>
              <SubFmlyCd>ARET</SubFmlyCd>
            </Fmly>
          </Domn>
        </BkTxCd>
        <NtryDtls>
          <TxDtls>
            <AddtlTxInf>EFT RETURNED ITEM             ,AGORA DEALER SERVICES         ,,TN0000010230000361337139</AddtlTxInf>
          </TxDtls>
        </NtryDtls>
      </Ntry>
      <Ntry>
        <Amt Ccy="CAD">0000000839456.88</Amt>
        <CdtDbtInd>CRDT</CdtDbtInd>
        <RvslInd>false</RvslInd>
        <Sts>BOOK</Sts>
        <ValDt>
          <Dt>2026-04-28</Dt>
        </ValDt>
        <BkTxCd>
          <Domn>
            <Cd>PMNT</Cd>
            <Fmly>
              <Cd>CNTR</Cd>
              <SubFmlyCd>MIXD</SubFmlyCd>
            </Fmly>
          </Domn>
        </BkTxCd>
        <NtryDtls>
          <TxDtls>
            <AddtlTxInf>INSTANT TELLER DEPOSIT 4G2R   ,4506*********696              </AddtlTxInf>
          </TxDtls>
        </NtryDtls>
      </Ntry>
      <Ntry>
        <Amt Ccy="CAD">0000000173264.03</Amt>
        <CdtDbtInd>CRDT</CdtDbtInd>
        <RvslInd>false</RvslInd>
        <Sts>BOOK</Sts>
        <ValDt>
          <Dt>2026-04-28</Dt>
        </ValDt>
        <BkTxCd>
          <Domn>
            <Cd>ACMT</Cd>
            <Fmly>
              <Cd>MCOP</Cd>
              <SubFmlyCd>OTHR</SubFmlyCd>
            </Fmly>
          </Domn>
        </BkTxCd>
        <NtryDtls>
          <TxDtls>
            <AddtlTxInf>CREDIT MEMO                   ,SETTLEMENT 5751               ,CIBC DATA CENTRE 01020        ,TN0000010603029360136384</AddtlTxInf>
          </TxDtls>
        </NtryDtls>
      </Ntry>
      <Ntry>
        <Amt Ccy="CAD">0000000033446.00</Amt>
        <CdtDbtInd>CRDT</CdtDbtInd>
        <RvslInd>false</RvslInd>
        <Sts>BOOK</Sts>
        <ValDt>
          <Dt>2026-04-28</Dt>
        </ValDt>
        <BkTxCd>
          <Domn>
            <Cd>ACMT</Cd>
            <Fmly>
              <Cd>MCOP</Cd>
              <SubFmlyCd>OTHR</SubFmlyCd>
            </Fmly>
          </Domn>
        </BkTxCd>
        <NtryDtls>
          <TxDtls>
            <AddtlTxInf>CREDIT MEMO                   ,SETTLEMENT 5753               ,CIBC DATA CENTRE 01020        ,TN0000010603030361015361</AddtlTxInf>
          </TxDtls>
        </NtryDtls>
      </Ntry>
      <Ntry>
        <Amt Ccy="CAD">0000000029531.96</Amt>
        <CdtDbtInd>CRDT</CdtDbtInd>
        <RvslInd>false</RvslInd>
        <Sts>BOOK</Sts>
        <ValDt>
          <Dt>2026-04-28</Dt>
        </ValDt>
        <BkTxCd>
          <Domn>
            <Cd>PMNT</Cd>
            <Fmly>
              <Cd>RCDT</Cd>
              <SubFmlyCd>APAC</SubFmlyCd>
            </Fmly>
          </Domn>
        </BkTxCd>
        <NtryDtls>
          <TxDtls>
            <AddtlTxInf>GOVERNMENT                    ,ESDC 20260416                 ,Paiement fédéral/Federal Pmt  ,TN0102177204961776000160</AddtlTxInf>
          </TxDtls>
        </NtryDtls>
      </Ntry>
      <Ntry>
        <Amt Ccy="CAD">0000000003801.99</Amt>
        <CdtDbtInd>CRDT</CdtDbtInd>
        <RvslInd>false</RvslInd>
        <Sts>BOOK</Sts>
        <ValDt>
          <Dt>2026-04-28</Dt>
        </ValDt>
        <BkTxCd>
          <Domn>
            <Cd>PMNT</Cd>
            <Fmly>
              <Cd>RCDT</Cd>
              <SubFmlyCd>DMCT</SubFmlyCd>
            </Fmly>
          </Domn>
        </BkTxCd>
        <NtryDtls>
          <TxDtls>
            <AddtlTxInf>WIRE TSF 2884477              ,FUNDSERV INC                  </AddtlTxInf>
          </TxDtls>
        </NtryDtls>
      </Ntry>
      <Ntry>
        <Amt Ccy="CAD">0000000000344.92</Amt>
        <CdtDbtInd>CRDT</CdtDbtInd>
        <RvslInd>false</RvslInd>
        <Sts>BOOK</Sts>
        <ValDt>
          <Dt>2026-04-28</Dt>
        </ValDt>
        <BkTxCd>
          <Domn>
            <Cd>PMNT</Cd>
            <Fmly>
              <Cd>RCDT</Cd>
              <SubFmlyCd>APAC</SubFmlyCd>
            </Fmly>
          </Domn>
        </BkTxCd>
        <NtryDtls>
          <TxDtls>
            <AddtlTxInf>MISCELLANEOUS PAYMENT         ,EDI **611730944               ,TANGERINE BANK                ,TN0000010200000357306577</AddtlTxInf>
          </TxDtls>
        </NtryDtls>
      </Ntry>
    </Stmt>
    <Stmt>
      <Id>000020385212BCC</Id>
      <CreDtTm>2026-04-29T05:10:02</CreDtTm>
      <Acct>
        <Id>
          <Othr>
            <Id>000020385212</Id>
          </Othr>
        </Id>
      </Acct>
      <Bal>
        <Tp>
          <CdOrPrtry>
            <Cd>CLBD</Cd>
          </CdOrPrtry>
        </Tp>
        <Amt Ccy="USD">0000000700104.83</Amt>
        <CdtDbtInd>CRDT</CdtDbtInd>
        <Dt>
          <Dt>2026-04-28</Dt>
        </Dt>
      </Bal>
      <Bal>
        <Tp>
          <CdOrPrtry>
            <Cd>OPBD</Cd>
          </CdOrPrtry>
        </Tp>
        <Amt Ccy="USD">0000000700060.17</Amt>
        <CdtDbtInd>CRDT</CdtDbtInd>
        <Dt>
          <Dt>2026-04-28</Dt>
        </Dt>
      </Bal>
      <TxsSummry>
        <TtlCdtNtries>
          <NbOfNtries>00001</NbOfNtries>
          <Sum>00000000044.66</Sum>
        </TtlCdtNtries>
        <TtlDbtNtries>
          <NbOfNtries>00000</NbOfNtries>
          <Sum>00000000000.00</Sum>
        </TtlDbtNtries>
      </TxsSummry>
      <Ntry>
        <Amt Ccy="USD">0000000000044.66</Amt>
        <CdtDbtInd>CRDT</CdtDbtInd>
        <RvslInd>false</RvslInd>
        <Sts>BOOK</Sts>
        <ValDt>
          <Dt>2026-04-28</Dt>
        </ValDt>
        <BkTxCd>
          <Domn>
            <Cd>PMNT</Cd>
            <Fmly>
              <Cd>RCDT</Cd>
              <SubFmlyCd>DMCT</SubFmlyCd>
            </Fmly>
          </Domn>
        </BkTxCd>
        <NtryDtls>
          <TxDtls>
            <AddtlTxInf>WIRE TSF 2884382              ,FUNDSERV INC                  </AddtlTxInf>
          </TxDtls>
        </NtryDtls>
      </Ntry>
    </Stmt>
  </BkToCstmrStmt>
</Document>