<?xml version="1.0" ?>
<Document xmlns="urn:iso:std:iso:20022:tech:xsd:camt.053.001.02" xmlns:xsi="http://www.w3.org/2001/XMLSchema-instance">
  <BkToCstmrStmt>
    <GrpHdr>
      <MsgId>9910201098100202604250510001704</MsgId>
      <CreDtTm>2026-04-25T05:10:00</CreDtTm>
      <MsgRcpt>
        <Nm>98100</Nm>
      </MsgRcpt>
    </GrpHdr>
    <Stmt>
      <Id>000025578418BCC</Id>
      <CreDtTm>2026-04-25T05:10:00</CreDtTm>
      <Acct>
        <Id>
          <Othr>
            <Id>000025578418</Id>
          </Othr>
        </Id>
      </Acct>
      <Bal>
        <Tp>
          <CdOrPrtry>
            <Cd>CLBD</Cd>
          </CdOrPrtry>
        </Tp>
        <Amt Ccy="CAD">0000001635388.40</Amt>
        <CdtDbtInd>CRDT</CdtDbtInd>
        <Dt>
          <Dt>2026-04-24</Dt>
        </Dt>
      </Bal>
      <Bal>
        <Tp>
          <CdOrPrtry>
            <Cd>OPBD</Cd>
          </CdOrPrtry>
        </Tp>
        <Amt Ccy="CAD">0000001966742.39</Amt>
        <CdtDbtInd>CRDT</CdtDbtInd>
        <Dt>
          <Dt>2026-04-24</Dt>
        </Dt>
      </Bal>
      <TxsSummry>
        <TtlCdtNtries>
          <NbOfNtries>00000</NbOfNtries>
          <Sum>00000000000.00</Sum>
        </TtlCdtNtries>
        <TtlDbtNtries>
          <NbOfNtries>00003</NbOfNtries>
          <Sum>00000331353.99</Sum>
        </TtlDbtNtries>
      </TxsSummry>
      <Ntry>
        <Amt Ccy="CAD">0000000250447.02</Amt>
        <CdtDbtInd>DBIT</CdtDbtInd>
        <RvslInd>false</RvslInd>
        <Sts>BOOK</Sts>
        <ValDt>
          <Dt>2026-04-24</Dt>
        </ValDt>
        <BkTxCd>
          <Domn>
            <Cd>ACMT</Cd>
            <Fmly>
              <Cd>MDOP</Cd>
              <SubFmlyCd>OTHR</SubFmlyCd>
            </Fmly>
          </Domn>
        </BkTxCd>
        <NtryDtls>
          <TxDtls>
            <AddtlTxInf>DEBIT MEMO                    ,EMPTX-2495662                 ,GPFS-GOVERNMENT PAYMENT       ,TN0000010100000345921615</AddtlTxInf>
          </TxDtls>
        </NtryDtls>
      </Ntry>
      <Ntry>
        <Amt Ccy="CAD">0000000077089.98</Amt>
        <CdtDbtInd>DBIT</CdtDbtInd>
        <RvslInd>false</RvslInd>
        <Sts>BOOK</Sts>
        <ValDt>
          <Dt>2026-04-24</Dt>
        </ValDt>
        <BkTxCd>
          <Domn>
            <Cd>ACMT</Cd>
            <Fmly>
              <Cd>MDOP</Cd>
              <SubFmlyCd>OTHR</SubFmlyCd>
            </Fmly>
          </Domn>
        </BkTxCd>
        <NtryDtls>
          <TxDtls>
            <AddtlTxInf>DEBIT MEMO                    ,EMPTX-2494668                 ,GPFS-GOVERNMENT PAYMENT       ,TN0000010100000345921614</AddtlTxInf>
          </TxDtls>
        </NtryDtls>
      </Ntry>
      <Ntry>
        <Amt Ccy="CAD">0000000003816.99</Amt>
        <CdtDbtInd>DBIT</CdtDbtInd>
        <RvslInd>false</RvslInd>
        <Sts>BOOK</Sts>
        <ValDt>
          <Dt>2026-04-24</Dt>
        </ValDt>
        <BkTxCd>
          <Domn>
            <Cd>PMNT</Cd>
            <Fmly>
              <Cd>ICDT</Cd>
              <SubFmlyCd>DMCT</SubFmlyCd>
            </Fmly>
          </Domn>
        </BkTxCd>
        <NtryDtls>
          <TxDtls>
            <AddtlTxInf>WIRE PAYMENT3213822           ,Fundserv Inc.                 </AddtlTxInf>
          </TxDtls>
        </NtryDtls>
      </Ntry>
    </Stmt>
    <Stmt>
      <Id>000025578515BCC</Id>
      <CreDtTm>2026-04-25T05:10:00</CreDtTm>
      <Acct>
        <Id>
          <Othr>
            <Id>000025578515</Id>
          </Othr>
        </Id>
      </Acct>
      <Bal>
        <Tp>
          <CdOrPrtry>
            <Cd>CLBD</Cd>
          </CdOrPrtry>
        </Tp>
        <Amt Ccy="CAD">0000029573879.07</Amt>
        <CdtDbtInd>CRDT</CdtDbtInd>
        <Dt>
          <Dt>2026-04-24</Dt>
        </Dt>
      </Bal>
      <Bal>
        <Tp>
          <CdOrPrtry>
            <Cd>OPBD</Cd>
          </CdOrPrtry>
        </Tp>
        <Amt Ccy="CAD">0000029197675.78</Amt>
        <CdtDbtInd>CRDT</CdtDbtInd>
        <Dt>
          <Dt>2026-04-24</Dt>
        </Dt>
      </Bal>
      <TxsSummry>
        <TtlCdtNtries>
          <NbOfNtries>00008</NbOfNtries>
          <Sum>00002013437.85</Sum>
        </TtlCdtNtries>
        <TtlDbtNtries>
          <NbOfNtries>00010</NbOfNtries>
          <Sum>00001637234.56</Sum>
        </TtlDbtNtries>
      </TxsSummry>
      <Ntry>
        <Amt Ccy="CAD">0000000787320.77</Amt>
        <CdtDbtInd>DBIT</CdtDbtInd>
        <RvslInd>false</RvslInd>
        <Sts>BOOK</Sts>
        <ValDt>
          <Dt>2026-04-24</Dt>
        </ValDt>
        <BkTxCd>
          <Domn>
            <Cd>ACMT</Cd>
            <Fmly>
              <Cd>MDOP</Cd>
              <SubFmlyCd>OTHR</SubFmlyCd>
            </Fmly>
          </Domn>
        </BkTxCd>
        <NtryDtls>
          <TxDtls>
            <AddtlTxInf>DEBIT MEMO                    ,SETTLEMENT 5743               ,CIBC DATA CENTRE 01020        ,TN0000010604227348005505</AddtlTxInf>
          </TxDtls>
        </NtryDtls>
      </Ntry>
      <Ntry>
        <Amt Ccy="CAD">0000000677397.71</Amt>
        <CdtDbtInd>DBIT</CdtDbtInd>
        <RvslInd>false</RvslInd>
        <Sts>BOOK</Sts>
        <ValDt>
          <Dt>2026-04-24</Dt>
        </ValDt>
        <BkTxCd>
          <Domn>
            <Cd>PMNT</Cd>
            <Fmly>
              <Cd>ICDT</Cd>
              <SubFmlyCd>DMCT</SubFmlyCd>
            </Fmly>
          </Domn>
        </BkTxCd>
        <NtryDtls>
          <TxDtls>
            <AddtlTxInf>WIRE PAYMENT3213805           ,FundServ Inc.                 </AddtlTxInf>
          </TxDtls>
        </NtryDtls>
      </Ntry>
      <Ntry>
        <Amt Ccy="CAD">0000000099428.54</Amt>
        <CdtDbtInd>DBIT</CdtDbtInd>
        <RvslInd>false</RvslInd>
        <Sts>BOOK</Sts>
        <ValDt>
          <Dt>2026-04-24</Dt>
        </ValDt>
        <BkTxCd>
          <Domn>
            <Cd>PMNT</Cd>
            <Fmly>
              <Cd>ICDT</Cd>
              <SubFmlyCd>DMCT</SubFmlyCd>
            </Fmly>
          </Domn>
        </BkTxCd>
        <NtryDtls>
          <TxDtls>
            <AddtlTxInf>WIRE PAYMENT3213832           ,FundServ Inc.                 </AddtlTxInf>
          </TxDtls>
        </NtryDtls>
      </Ntry>
      <Ntry>
        <Amt Ccy="CAD">0000000022457.00</Amt>
        <CdtDbtInd>DBIT</CdtDbtInd>
        <RvslInd>false</RvslInd>
        <Sts>BOOK</Sts>
        <ValDt>
          <Dt>2026-04-24</Dt>
        </ValDt>
        <BkTxCd>
          <Domn>
            <Cd>PMNT</Cd>
            <Fmly>
              <Cd>RCDT</Cd>
              <SubFmlyCd>ARET</SubFmlyCd>
            </Fmly>
          </Domn>
        </BkTxCd>
        <NtryDtls>
          <TxDtls>
            <AddtlTxInf>EFT RETURNED ITEM             ,AGORA DEALER SERVICES         ,,TN0101006108492760756512</AddtlTxInf>
          </TxDtls>
        </NtryDtls>
      </Ntry>
      <Ntry>
        <Amt Ccy="CAD">0000000016588.29</Amt>
        <CdtDbtInd>DBIT</CdtDbtInd>
        <RvslInd>false</RvslInd>
        <Sts>BOOK</Sts>
        <ValDt>
          <Dt>2026-04-24</Dt>
        </ValDt>
        <BkTxCd>
          <Domn>
            <Cd>PMNT</Cd>
            <Fmly>
              <Cd>ICDT</Cd>
              <SubFmlyCd>BOOK</SubFmlyCd>
            </Fmly>
          </Domn>
        </BkTxCd>
        <NtryDtls>
          <TxDtls>
            <AddtlTxInf>CMO TRANSFER                  </AddtlTxInf>
          </TxDtls>
        </NtryDtls>
      </Ntry>
      <Ntry>
        <Amt Ccy="CAD">0000000012488.95</Amt>
        <CdtDbtInd>DBIT</CdtDbtInd>
        <RvslInd>false</RvslInd>
        <Sts>BOOK</Sts>
        <ValDt>
          <Dt>2026-04-24</Dt>
        </ValDt>
        <BkTxCd>
          <Domn>
            <Cd>ACMT</Cd>
            <Fmly>
              <Cd>MDOP</Cd>
              <SubFmlyCd>OTHR</SubFmlyCd>
            </Fmly>
          </Domn>
        </BkTxCd>
        <NtryDtls>
          <TxDtls>
            <AddtlTxInf>DEBIT MEMO                    ,SETTLEMENT 5738               ,CIBC DATA CENTRE 01020        ,TN0000010604225342815480</AddtlTxInf>
          </TxDtls>
        </NtryDtls>
      </Ntry>
      <Ntry>
        <Amt Ccy="CAD">0000000010053.30</Amt>
        <CdtDbtInd>DBIT</CdtDbtInd>
        <RvslInd>false</RvslInd>
        <Sts>BOOK</Sts>
        <ValDt>
          <Dt>2026-04-24</Dt>
        </ValDt>
        <BkTxCd>
          <Domn>
            <Cd>ACMT</Cd>
            <Fmly>
              <Cd>MDOP</Cd>
              <SubFmlyCd>OTHR</SubFmlyCd>
            </Fmly>
          </Domn>
        </BkTxCd>
        <NtryDtls>
          <TxDtls>
            <AddtlTxInf>DEBIT MEMO                    ,SETTLEMENT 5744               ,CIBC DATA CENTRE 01020        ,TN0000010604228348005507</AddtlTxInf>
          </TxDtls>
        </NtryDtls>
      </Ntry>
      <Ntry>
        <Amt Ccy="CAD">0000000005000.00</Amt>
        <CdtDbtInd>DBIT</CdtDbtInd>
        <RvslInd>false</RvslInd>
        <Sts>BOOK</Sts>
        <ValDt>
          <Dt>2026-04-24</Dt>
        </ValDt>
        <BkTxCd>
          <Domn>
            <Cd>PMNT</Cd>
            <Fmly>
              <Cd>RCDT</Cd>
              <SubFmlyCd>ARET</SubFmlyCd>
            </Fmly>
          </Domn>
        </BkTxCd>
        <NtryDtls>
          <TxDtls>
            <AddtlTxInf>EFT RETURNED ITEM             ,AGORA DEALER SERVICES         ,,TN0101815100081000001095</AddtlTxInf>
          </TxDtls>
        </NtryDtls>
      </Ntry>
      <Ntry>
        <Amt Ccy="CAD">0000000004500.00</Amt>
        <CdtDbtInd>DBIT</CdtDbtInd>
        <RvslInd>false</RvslInd>
        <Sts>BOOK</Sts>
        <ValDt>
          <Dt>2026-04-24</Dt>
        </ValDt>
        <BkTxCd>
          <Domn>
            <Cd>ACMT</Cd>
            <Fmly>
              <Cd>MDOP</Cd>
              <SubFmlyCd>OTHR</SubFmlyCd>
            </Fmly>
          </Domn>
        </BkTxCd>
        <NtryDtls>
          <TxDtls>
            <AddtlTxInf>DEBIT MEMO                    ,SETTLEMENT 5737               ,CIBC DATA CENTRE 01020        ,TN0000010604223342815475</AddtlTxInf>
          </TxDtls>
        </NtryDtls>
      </Ntry>
      <Ntry>
        <Amt Ccy="CAD">0000000002000.00</Amt>
        <CdtDbtInd>DBIT</CdtDbtInd>
        <RvslInd>false</RvslInd>
        <Sts>BOOK</Sts>
        <ValDt>
          <Dt>2026-04-24</Dt>
        </ValDt>
        <BkTxCd>
          <Domn>
            <Cd>ACMT</Cd>
            <Fmly>
              <Cd>MDOP</Cd>
              <SubFmlyCd>OTHR</SubFmlyCd>
            </Fmly>
          </Domn>
        </BkTxCd>
        <NtryDtls>
          <TxDtls>
            <AddtlTxInf>DEBIT MEMO                    ,SETTLEMENT 5733               ,CIBC DATA CENTRE 01020        ,TN0000010604220335808511</AddtlTxInf>
          </TxDtls>
        </NtryDtls>
      </Ntry>
      <Ntry>
        <Amt Ccy="CAD">0000000975978.98</Amt>
        <CdtDbtInd>CRDT</CdtDbtInd>
        <RvslInd>false</RvslInd>
        <Sts>BOOK</Sts>
        <ValDt>
          <Dt>2026-04-24</Dt>
        </ValDt>
        <BkTxCd>
          <Domn>
            <Cd>PMNT</Cd>
            <Fmly>
              <Cd>RCDT</Cd>
              <SubFmlyCd>DMCT</SubFmlyCd>
            </Fmly>
          </Domn>
        </BkTxCd>
        <NtryDtls>
          <TxDtls>
            <AddtlTxInf>WIRE TSF 2482276              ,FUNDSERV INC                  </AddtlTxInf>
          </TxDtls>
        </NtryDtls>
      </Ntry>
      <Ntry>
        <Amt Ccy="CAD">0000000789469.26</Amt>
        <CdtDbtInd>CRDT</CdtDbtInd>
        <RvslInd>false</RvslInd>
        <Sts>BOOK</Sts>
        <ValDt>
          <Dt>2026-04-24</Dt>
        </ValDt>
        <BkTxCd>
          <Domn>
            <Cd>ACMT</Cd>
            <Fmly>
              <Cd>MCOP</Cd>
              <SubFmlyCd>OTHR</SubFmlyCd>
            </Fmly>
          </Domn>
        </BkTxCd>
        <NtryDtls>
          <TxDtls>
            <AddtlTxInf>CREDIT MEMO                   ,SETTLEMENT 5741               ,CIBC DATA CENTRE 01020        ,TN0000010603024348005937</AddtlTxInf>
          </TxDtls>
        </NtryDtls>
      </Ntry>
      <Ntry>
        <Amt Ccy="CAD">0000000149310.78</Amt>
        <CdtDbtInd>CRDT</CdtDbtInd>
        <RvslInd>false</RvslInd>
        <Sts>BOOK</Sts>
        <ValDt>
          <Dt>2026-04-24</Dt>
        </ValDt>
        <BkTxCd>
          <Domn>
            <Cd>PMNT</Cd>
            <Fmly>
              <Cd>CNTR</Cd>
              <SubFmlyCd>MIXD</SubFmlyCd>
            </Fmly>
          </Domn>
        </BkTxCd>
        <NtryDtls>
          <TxDtls>
            <AddtlTxInf>INSTANT TELLER DEPOSIT 4C2U   ,4506*********696              </AddtlTxInf>
          </TxDtls>
        </NtryDtls>
      </Ntry>
      <Ntry>
        <Amt Ccy="CAD">0000000049116.55</Amt>
        <CdtDbtInd>CRDT</CdtDbtInd>
        <RvslInd>false</RvslInd>
        <Sts>BOOK</Sts>
        <ValDt>
          <Dt>2026-04-24</Dt>
        </ValDt>
        <BkTxCd>
          <Domn>
            <Cd>ACMT</Cd>
            <Fmly>
              <Cd>MCOP</Cd>
              <SubFmlyCd>OTHR</SubFmlyCd>
            </Fmly>
          </Domn>
        </BkTxCd>
        <NtryDtls>
          <TxDtls>
            <AddtlTxInf>CREDIT MEMO                   ,SETTLEMENT 5742               ,CIBC DATA CENTRE 01020        ,TN0000010603025348006103</AddtlTxInf>
          </TxDtls>
        </NtryDtls>
      </Ntry>
      <Ntry>
        <Amt Ccy="CAD">0000000041348.00</Amt>
        <CdtDbtInd>CRDT</CdtDbtInd>
        <RvslInd>false</RvslInd>
        <Sts>BOOK</Sts>
        <ValDt>
          <Dt>2026-04-24</Dt>
        </ValDt>
        <BkTxCd>
          <Domn>
            <Cd>PMNT</Cd>
            <Fmly>
              <Cd>RCDT</Cd>
              <SubFmlyCd>APAC</SubFmlyCd>
            </Fmly>
          </Domn>
        </BkTxCd>
        <NtryDtls>
          <TxDtls>
            <AddtlTxInf>MISCELLANEOUS PAYMENT         ,Home Trust Company            ,,TN0102001207450000058485</AddtlTxInf>
          </TxDtls>
        </NtryDtls>
      </Ntry>
      <Ntry>
        <Amt Ccy="CAD">0000000005500.00</Amt>
        <CdtDbtInd>CRDT</CdtDbtInd>
        <RvslInd>false</RvslInd>
        <Sts>BOOK</Sts>
        <ValDt>
          <Dt>2026-04-24</Dt>
        </ValDt>
        <BkTxCd>
          <Domn>
            <Cd>PMNT</Cd>
            <Fmly>
              <Cd>RCDT</Cd>
              <SubFmlyCd>APAC</SubFmlyCd>
            </Fmly>
          </Domn>
        </BkTxCd>
        <NtryDtls>
          <TxDtls>
            <AddtlTxInf>MISCELLANEOUS PAYMENT         ,EDI **611312317               ,CIBCABP                       ,TN0000010200000345816969</AddtlTxInf>
          </TxDtls>
        </NtryDtls>
      </Ntry>
      <Ntry>
        <Amt Ccy="CAD">0000000002000.00</Amt>
        <CdtDbtInd>CRDT</CdtDbtInd>
        <RvslInd>false</RvslInd>
        <Sts>BOOK</Sts>
        <ValDt>
          <Dt>2026-04-24</Dt>
        </ValDt>
        <BkTxCd>
          <Domn>
            <Cd>PMNT</Cd>
            <Fmly>
              <Cd>RCDT</Cd>
              <SubFmlyCd>APAC</SubFmlyCd>
            </Fmly>
          </Domn>
        </BkTxCd>
        <NtryDtls>
          <TxDtls>
            <AddtlTxInf>MISCELLANEOUS PAYMENT         ,EDI 32231037912               ,ROYAL DIRECT                  ,TN0000010200000347401421</AddtlTxInf>
          </TxDtls>
        </NtryDtls>
      </Ntry>
      <Ntry>
        <Amt Ccy="CAD">0000000000714.28</Amt>
        <CdtDbtInd>CRDT</CdtDbtInd>
        <RvslInd>false</RvslInd>
        <Sts>BOOK</Sts>
        <ValDt>
          <Dt>2026-04-24</Dt>
        </ValDt>
        <BkTxCd>
          <Domn>
            <Cd>PMNT</Cd>
            <Fmly>
              <Cd>RCDT</Cd>
              <SubFmlyCd>APAC</SubFmlyCd>
            </Fmly>
          </Domn>
        </BkTxCd>
        <NtryDtls>
          <TxDtls>
            <AddtlTxInf>MISCELLANEOUS PAYMENT         ,EDI 50007990952               ,CCPEDQ                        ,TN0000010200000347402353</AddtlTxInf>
          </TxDtls>
        </NtryDtls>
      </Ntry>
    </Stmt>
    <Stmt>
      <Id>000020385212BCC</Id>
      <CreDtTm>2026-04-25T05:10:00</CreDtTm>
      <Acct>
        <Id>
          <Othr>
            <Id>000020385212</Id>
          </Othr>
        </Id>
      </Acct>
      <Bal>
        <Tp>
          <CdOrPrtry>
            <Cd>CLBD</Cd>
          </CdOrPrtry>
        </Tp>
        <Amt Ccy="USD">0000000730931.96</Amt>
        <CdtDbtInd>CRDT</CdtDbtInd>
        <Dt>
          <Dt>2026-04-24</Dt>
        </Dt>
      </Bal>
      <Bal>
        <Tp>
          <CdOrPrtry>
            <Cd>OPBD</Cd>
          </CdOrPrtry>
        </Tp>
        <Amt Ccy="USD">0000000718939.90</Amt>
        <CdtDbtInd>CRDT</CdtDbtInd>
        <Dt>
          <Dt>2026-04-24</Dt>
        </Dt>
      </Bal>
      <TxsSummry>
        <TtlCdtNtries>
          <NbOfNtries>00002</NbOfNtries>
          <Sum>00000011992.06</Sum>
        </TtlCdtNtries>
        <TtlDbtNtries>
          <NbOfNtries>00000</NbOfNtries>
          <Sum>00000000000.00</Sum>
        </TtlDbtNtries>
      </TxsSummry>
      <Ntry>
        <Amt Ccy="USD">0000000011985.76</Amt>
        <CdtDbtInd>CRDT</CdtDbtInd>
        <RvslInd>false</RvslInd>
        <Sts>BOOK</Sts>
        <ValDt>
          <Dt>2026-04-24</Dt>
        </ValDt>
        <BkTxCd>
          <Domn>
            <Cd>PMNT</Cd>
            <Fmly>
              <Cd>RCDT</Cd>
              <SubFmlyCd>BOOK</SubFmlyCd>
            </Fmly>
          </Domn>
        </BkTxCd>
        <NtryDtls>
          <TxDtls>
            <AddtlTxInf>CMO TRANSFER                  </AddtlTxInf>
          </TxDtls>
        </NtryDtls>
      </Ntry>
      <Ntry>
        <Amt Ccy="USD">0000000000006.30</Amt>
        <CdtDbtInd>CRDT</CdtDbtInd>
        <RvslInd>false</RvslInd>
        <Sts>BOOK</Sts>
        <ValDt>
          <Dt>2026-04-24</Dt>
        </ValDt>
        <BkTxCd>
          <Domn>
            <Cd>PMNT</Cd>
            <Fmly>
              <Cd>RCDT</Cd>
              <SubFmlyCd>DMCT</SubFmlyCd>
            </Fmly>
          </Domn>
        </BkTxCd>
        <NtryDtls>
          <TxDtls>
            <AddtlTxInf>WIRE TSF 2481540              ,FUNDSERV INC                  </AddtlTxInf>
          </TxDtls>
        </NtryDtls>
      </Ntry>
    </Stmt>
  </BkToCstmrStmt>
</Document>