<?xml version="1.0" ?>
<Document xmlns="urn:iso:std:iso:20022:tech:xsd:camt.053.001.02" xmlns:xsi="http://www.w3.org/2001/XMLSchema-instance">
  <BkToCstmrStmt>
    <GrpHdr>
      <MsgId>9910201098100202605010512591927</MsgId>
      <CreDtTm>2026-05-01T05:12:59</CreDtTm>
      <MsgRcpt>
        <Nm>98100</Nm>
      </MsgRcpt>
    </GrpHdr>
    <Stmt>
      <Id>000025578418BCC</Id>
      <CreDtTm>2026-05-01T05:12:59</CreDtTm>
      <Acct>
        <Id>
          <Othr>
            <Id>000025578418</Id>
          </Othr>
        </Id>
      </Acct>
      <Bal>
        <Tp>
          <CdOrPrtry>
            <Cd>CLBD</Cd>
          </CdOrPrtry>
        </Tp>
        <Amt Ccy="CAD">0000001648235.35</Amt>
        <CdtDbtInd>CRDT</CdtDbtInd>
        <Dt>
          <Dt>2026-04-30</Dt>
        </Dt>
      </Bal>
      <Bal>
        <Tp>
          <CdOrPrtry>
            <Cd>OPBD</Cd>
          </CdOrPrtry>
        </Tp>
        <Amt Ccy="CAD">0000001518385.36</Amt>
        <CdtDbtInd>CRDT</CdtDbtInd>
        <Dt>
          <Dt>2026-04-30</Dt>
        </Dt>
      </Bal>
      <TxsSummry>
        <TtlCdtNtries>
          <NbOfNtries>00005</NbOfNtries>
          <Sum>00000156273.74</Sum>
        </TtlCdtNtries>
        <TtlDbtNtries>
          <NbOfNtries>00005</NbOfNtries>
          <Sum>00000026423.75</Sum>
        </TtlDbtNtries>
      </TxsSummry>
      <Ntry>
        <Amt Ccy="CAD">0000000020928.80</Amt>
        <CdtDbtInd>DBIT</CdtDbtInd>
        <RvslInd>false</RvslInd>
        <Sts>BOOK</Sts>
        <ValDt>
          <Dt>2026-04-30</Dt>
        </ValDt>
        <BkTxCd>
          <Domn>
            <Cd>ACMT</Cd>
            <Fmly>
              <Cd>MDOP</Cd>
              <SubFmlyCd>OTHR</SubFmlyCd>
            </Fmly>
          </Domn>
        </BkTxCd>
        <NtryDtls>
          <TxDtls>
            <AddtlTxInf>DEBIT MEMO                    ,SETTLEMENT 3188               ,CIBC DATA CENTRE 01020        ,TN0000010203188364132704</AddtlTxInf>
          </TxDtls>
        </NtryDtls>
      </Ntry>
      <Ntry>
        <Amt Ccy="CAD">0000000004396.97</Amt>
        <CdtDbtInd>DBIT</CdtDbtInd>
        <RvslInd>false</RvslInd>
        <Sts>BOOK</Sts>
        <ValDt>
          <Dt>2026-04-30</Dt>
        </ValDt>
        <BkTxCd>
          <Domn>
            <Cd>ACMT</Cd>
            <Fmly>
              <Cd>MDOP</Cd>
              <SubFmlyCd>OTHR</SubFmlyCd>
            </Fmly>
          </Domn>
        </BkTxCd>
        <NtryDtls>
          <TxDtls>
            <AddtlTxInf>DEBIT MEMO                    ,SETTLEMENT 3189               ,CIBC DATA CENTRE 01020        ,TN0000010203189364132706</AddtlTxInf>
          </TxDtls>
        </NtryDtls>
      </Ntry>
      <Ntry>
        <Amt Ccy="CAD">0000000000988.75</Amt>
        <CdtDbtInd>DBIT</CdtDbtInd>
        <RvslInd>false</RvslInd>
        <Sts>BOOK</Sts>
        <ValDt>
          <Dt>2026-04-30</Dt>
        </ValDt>
        <BkTxCd>
          <Domn>
            <Cd>ACMT</Cd>
            <Fmly>
              <Cd>MDOP</Cd>
              <SubFmlyCd>OTHR</SubFmlyCd>
            </Fmly>
          </Domn>
        </BkTxCd>
        <NtryDtls>
          <TxDtls>
            <AddtlTxInf>DEBIT MEMO                    ,SETTLEMENT 3191               ,CIBC DATA CENTRE 01020        ,TN0000010203191371311301</AddtlTxInf>
          </TxDtls>
        </NtryDtls>
      </Ntry>
      <Ntry>
        <Amt Ccy="CAD">0000000000075.00</Amt>
        <CdtDbtInd>DBIT</CdtDbtInd>
        <RvslInd>false</RvslInd>
        <Sts>BOOK</Sts>
        <ValDt>
          <Dt>2026-04-29</Dt>
        </ValDt>
        <BkTxCd>
          <Domn>
            <Cd>ACMT</Cd>
            <Fmly>
              <Cd>MCOP</Cd>
              <SubFmlyCd>FEES</SubFmlyCd>
            </Fmly>
          </Domn>
        </BkTxCd>
        <NtryDtls>
          <TxDtls>
            <AddtlTxInf>LOAN ADMINISTRATION FEE       </AddtlTxInf>
          </TxDtls>
        </NtryDtls>
      </Ntry>
      <Ntry>
        <Amt Ccy="CAD">0000000000034.23</Amt>
        <CdtDbtInd>DBIT</CdtDbtInd>
        <RvslInd>false</RvslInd>
        <Sts>BOOK</Sts>
        <ValDt>
          <Dt>2026-04-30</Dt>
        </ValDt>
        <BkTxCd>
          <Domn>
            <Cd>PMNT</Cd>
            <Fmly>
              <Cd>ICDT</Cd>
              <SubFmlyCd>DMCT</SubFmlyCd>
            </Fmly>
          </Domn>
        </BkTxCd>
        <NtryDtls>
          <TxDtls>
            <AddtlTxInf>WIRE PAYMENT3329328           ,Fundserv Inc.                 </AddtlTxInf>
          </TxDtls>
        </NtryDtls>
      </Ntry>
      <Ntry>
        <Amt Ccy="CAD">0000000155000.00</Amt>
        <CdtDbtInd>CRDT</CdtDbtInd>
        <RvslInd>false</RvslInd>
        <Sts>BOOK</Sts>
        <ValDt>
          <Dt>2026-04-30</Dt>
        </ValDt>
        <BkTxCd>
          <Domn>
            <Cd>PMNT</Cd>
            <Fmly>
              <Cd>RCDT</Cd>
              <SubFmlyCd>BOOK</SubFmlyCd>
            </Fmly>
          </Domn>
        </BkTxCd>
        <NtryDtls>
          <TxDtls>
            <AddtlTxInf>CMO TRANSFER                  ,FROM: 00002/55-78515          </AddtlTxInf>
          </TxDtls>
        </NtryDtls>
      </Ntry>
      <Ntry>
        <Amt Ccy="CAD">0000000000988.75</Amt>
        <CdtDbtInd>CRDT</CdtDbtInd>
        <RvslInd>false</RvslInd>
        <Sts>BOOK</Sts>
        <ValDt>
          <Dt>2026-04-30</Dt>
        </ValDt>
        <BkTxCd>
          <Domn>
            <Cd>PMNT</Cd>
            <Fmly>
              <Cd>RCDT</Cd>
              <SubFmlyCd>BOOK</SubFmlyCd>
            </Fmly>
          </Domn>
        </BkTxCd>
        <NtryDtls>
          <TxDtls>
            <AddtlTxInf>CMO TRANSFER                  ,FROM: 00002/55-78914          </AddtlTxInf>
          </TxDtls>
        </NtryDtls>
      </Ntry>
      <Ntry>
        <Amt Ccy="CAD">0000000000193.39</Amt>
        <CdtDbtInd>CRDT</CdtDbtInd>
        <RvslInd>false</RvslInd>
        <Sts>BOOK</Sts>
        <ValDt>
          <Dt>2026-04-30</Dt>
        </ValDt>
        <BkTxCd>
          <Domn>
            <Cd>PMNT</Cd>
            <Fmly>
              <Cd>RCDT</Cd>
              <SubFmlyCd>BOOK</SubFmlyCd>
            </Fmly>
          </Domn>
        </BkTxCd>
        <NtryDtls>
          <TxDtls>
            <AddtlTxInf>CMO TRANSFER                  ,FROM: 00002/55-78515          </AddtlTxInf>
          </TxDtls>
        </NtryDtls>
      </Ntry>
      <Ntry>
        <Amt Ccy="CAD">0000000000084.35</Amt>
        <CdtDbtInd>CRDT</CdtDbtInd>
        <RvslInd>false</RvslInd>
        <Sts>BOOK</Sts>
        <ValDt>
          <Dt>2026-04-30</Dt>
        </ValDt>
        <BkTxCd>
          <Domn>
            <Cd>PMNT</Cd>
            <Fmly>
              <Cd>RCDT</Cd>
              <SubFmlyCd>BOOK</SubFmlyCd>
            </Fmly>
          </Domn>
        </BkTxCd>
        <NtryDtls>
          <TxDtls>
            <AddtlTxInf>CMO TRANSFER                  ,FROM: 00002/55-78515          </AddtlTxInf>
          </TxDtls>
        </NtryDtls>
      </Ntry>
      <Ntry>
        <Amt Ccy="CAD">0000000000007.25</Amt>
        <CdtDbtInd>CRDT</CdtDbtInd>
        <RvslInd>false</RvslInd>
        <Sts>BOOK</Sts>
        <ValDt>
          <Dt>2026-04-30</Dt>
        </ValDt>
        <BkTxCd>
          <Domn>
            <Cd>PMNT</Cd>
            <Fmly>
              <Cd>RCDT</Cd>
              <SubFmlyCd>BOOK</SubFmlyCd>
            </Fmly>
          </Domn>
        </BkTxCd>
        <NtryDtls>
          <TxDtls>
            <AddtlTxInf>CMO TRANSFER                  ,FROM: 00002/55-78515          </AddtlTxInf>
          </TxDtls>
        </NtryDtls>
      </Ntry>
    </Stmt>
    <Stmt>
      <Id>000025578515BCC</Id>
      <CreDtTm>2026-05-01T05:12:59</CreDtTm>
      <Acct>
        <Id>
          <Othr>
            <Id>000025578515</Id>
          </Othr>
        </Id>
      </Acct>
      <Bal>
        <Tp>
          <CdOrPrtry>
            <Cd>CLBD</Cd>
          </CdOrPrtry>
        </Tp>
        <Amt Ccy="CAD">0000027915878.36</Amt>
        <CdtDbtInd>CRDT</CdtDbtInd>
        <Dt>
          <Dt>2026-04-30</Dt>
        </Dt>
      </Bal>
      <Bal>
        <Tp>
          <CdOrPrtry>
            <Cd>OPBD</Cd>
          </CdOrPrtry>
        </Tp>
        <Amt Ccy="CAD">0000024987340.50</Amt>
        <CdtDbtInd>CRDT</CdtDbtInd>
        <Dt>
          <Dt>2026-04-30</Dt>
        </Dt>
      </Bal>
      <TxsSummry>
        <TtlCdtNtries>
          <NbOfNtries>00015</NbOfNtries>
          <Sum>00003606955.95</Sum>
        </TtlCdtNtries>
        <TtlDbtNtries>
          <NbOfNtries>00011</NbOfNtries>
          <Sum>00000678418.09</Sum>
        </TtlDbtNtries>
      </TxsSummry>
      <Ntry>
        <Amt Ccy="CAD">0000000403862.69</Amt>
        <CdtDbtInd>DBIT</CdtDbtInd>
        <RvslInd>false</RvslInd>
        <Sts>BOOK</Sts>
        <ValDt>
          <Dt>2026-04-30</Dt>
        </ValDt>
        <BkTxCd>
          <Domn>
            <Cd>ACMT</Cd>
            <Fmly>
              <Cd>MDOP</Cd>
              <SubFmlyCd>OTHR</SubFmlyCd>
            </Fmly>
          </Domn>
        </BkTxCd>
        <NtryDtls>
          <TxDtls>
            <AddtlTxInf>DEBIT MEMO                    ,SETTLEMENT 5763               ,CIBC DATA CENTRE 01020        ,TN0000010604244373608484</AddtlTxInf>
          </TxDtls>
        </NtryDtls>
      </Ntry>
      <Ntry>
        <Amt Ccy="CAD">0000000155000.00</Amt>
        <CdtDbtInd>DBIT</CdtDbtInd>
        <RvslInd>false</RvslInd>
        <Sts>BOOK</Sts>
        <ValDt>
          <Dt>2026-04-30</Dt>
        </ValDt>
        <BkTxCd>
          <Domn>
            <Cd>PMNT</Cd>
            <Fmly>
              <Cd>ICDT</Cd>
              <SubFmlyCd>BOOK</SubFmlyCd>
            </Fmly>
          </Domn>
        </BkTxCd>
        <NtryDtls>
          <TxDtls>
            <AddtlTxInf>CMO TRANSFER                  ,TO: 00002/55-78418            </AddtlTxInf>
          </TxDtls>
        </NtryDtls>
      </Ntry>
      <Ntry>
        <Amt Ccy="CAD">0000000070428.56</Amt>
        <CdtDbtInd>DBIT</CdtDbtInd>
        <RvslInd>false</RvslInd>
        <Sts>BOOK</Sts>
        <ValDt>
          <Dt>2026-04-30</Dt>
        </ValDt>
        <BkTxCd>
          <Domn>
            <Cd>ACMT</Cd>
            <Fmly>
              <Cd>MDOP</Cd>
              <SubFmlyCd>OTHR</SubFmlyCd>
            </Fmly>
          </Domn>
        </BkTxCd>
        <NtryDtls>
          <TxDtls>
            <AddtlTxInf>DEBIT MEMO                    ,SETTLEMENT 5760               ,CIBC DATA CENTRE 01020        ,TN0000010604242366614362</AddtlTxInf>
          </TxDtls>
        </NtryDtls>
      </Ntry>
      <Ntry>
        <Amt Ccy="CAD">0000000015400.00</Amt>
        <CdtDbtInd>DBIT</CdtDbtInd>
        <RvslInd>false</RvslInd>
        <Sts>BOOK</Sts>
        <ValDt>
          <Dt>2026-04-30</Dt>
        </ValDt>
        <BkTxCd>
          <Domn>
            <Cd>ACMT</Cd>
            <Fmly>
              <Cd>MDOP</Cd>
              <SubFmlyCd>OTHR</SubFmlyCd>
            </Fmly>
          </Domn>
        </BkTxCd>
        <NtryDtls>
          <TxDtls>
            <AddtlTxInf>DEBIT MEMO                    ,SETTLEMENT 5766               ,CIBC DATA CENTRE 01020        ,TN0000010604248373608493</AddtlTxInf>
          </TxDtls>
        </NtryDtls>
      </Ntry>
      <Ntry>
        <Amt Ccy="CAD">0000000014622.61</Amt>
        <CdtDbtInd>DBIT</CdtDbtInd>
        <RvslInd>false</RvslInd>
        <Sts>BOOK</Sts>
        <ValDt>
          <Dt>2026-04-30</Dt>
        </ValDt>
        <BkTxCd>
          <Domn>
            <Cd>ACMT</Cd>
            <Fmly>
              <Cd>MDOP</Cd>
              <SubFmlyCd>OTHR</SubFmlyCd>
            </Fmly>
          </Domn>
        </BkTxCd>
        <NtryDtls>
          <TxDtls>
            <AddtlTxInf>DEBIT MEMO                    ,SETTLEMENT 5765               ,CIBC DATA CENTRE 01020        ,TN0000010604246373608489</AddtlTxInf>
          </TxDtls>
        </NtryDtls>
      </Ntry>
      <Ntry>
        <Amt Ccy="CAD">0000000012070.00</Amt>
        <CdtDbtInd>DBIT</CdtDbtInd>
        <RvslInd>false</RvslInd>
        <Sts>BOOK</Sts>
        <ValDt>
          <Dt>2026-04-30</Dt>
        </ValDt>
        <BkTxCd>
          <Domn>
            <Cd>ACMT</Cd>
            <Fmly>
              <Cd>MDOP</Cd>
              <SubFmlyCd>OTHR</SubFmlyCd>
            </Fmly>
          </Domn>
        </BkTxCd>
        <NtryDtls>
          <TxDtls>
            <AddtlTxInf>DEBIT MEMO                    ,SETTLEMENT 5769               ,CIBC DATA CENTRE 01020        ,TN0000010604250373989880</AddtlTxInf>
          </TxDtls>
        </NtryDtls>
      </Ntry>
      <Ntry>
        <Amt Ccy="CAD">0000000004749.24</Amt>
        <CdtDbtInd>DBIT</CdtDbtInd>
        <RvslInd>false</RvslInd>
        <Sts>BOOK</Sts>
        <ValDt>
          <Dt>2026-04-30</Dt>
        </ValDt>
        <BkTxCd>
          <Domn>
            <Cd>ACMT</Cd>
            <Fmly>
              <Cd>MDOP</Cd>
              <SubFmlyCd>OTHR</SubFmlyCd>
            </Fmly>
          </Domn>
        </BkTxCd>
        <NtryDtls>
          <TxDtls>
            <AddtlTxInf>DEBIT MEMO                    ,SETTLEMENT 5770               ,CIBC DATA CENTRE 01020        ,TN0000010604253374204425</AddtlTxInf>
          </TxDtls>
        </NtryDtls>
      </Ntry>
      <Ntry>
        <Amt Ccy="CAD">0000000002000.00</Amt>
        <CdtDbtInd>DBIT</CdtDbtInd>
        <RvslInd>false</RvslInd>
        <Sts>BOOK</Sts>
        <ValDt>
          <Dt>2026-04-30</Dt>
        </ValDt>
        <BkTxCd>
          <Domn>
            <Cd>ACMT</Cd>
            <Fmly>
              <Cd>MDOP</Cd>
              <SubFmlyCd>OTHR</SubFmlyCd>
            </Fmly>
          </Domn>
        </BkTxCd>
        <NtryDtls>
          <TxDtls>
            <AddtlTxInf>DEBIT MEMO                    ,SETTLEMENT 5767               ,CIBC DATA CENTRE 01020        ,TN0000010604249373608495</AddtlTxInf>
          </TxDtls>
        </NtryDtls>
      </Ntry>
      <Ntry>
        <Amt Ccy="CAD">0000000000193.39</Amt>
        <CdtDbtInd>DBIT</CdtDbtInd>
        <RvslInd>false</RvslInd>
        <Sts>BOOK</Sts>
        <ValDt>
          <Dt>2026-04-30</Dt>
        </ValDt>
        <BkTxCd>
          <Domn>
            <Cd>PMNT</Cd>
            <Fmly>
              <Cd>ICDT</Cd>
              <SubFmlyCd>BOOK</SubFmlyCd>
            </Fmly>
          </Domn>
        </BkTxCd>
        <NtryDtls>
          <TxDtls>
            <AddtlTxInf>CMO TRANSFER                  ,TO: 00002/55-78418            </AddtlTxInf>
          </TxDtls>
        </NtryDtls>
      </Ntry>
      <Ntry>
        <Amt Ccy="CAD">0000000000084.35</Amt>
        <CdtDbtInd>DBIT</CdtDbtInd>
        <RvslInd>false</RvslInd>
        <Sts>BOOK</Sts>
        <ValDt>
          <Dt>2026-04-30</Dt>
        </ValDt>
        <BkTxCd>
          <Domn>
            <Cd>PMNT</Cd>
            <Fmly>
              <Cd>ICDT</Cd>
              <SubFmlyCd>BOOK</SubFmlyCd>
            </Fmly>
          </Domn>
        </BkTxCd>
        <NtryDtls>
          <TxDtls>
            <AddtlTxInf>CMO TRANSFER                  ,TO: 00002/55-78418            </AddtlTxInf>
          </TxDtls>
        </NtryDtls>
      </Ntry>
      <Ntry>
        <Amt Ccy="CAD">0000000000007.25</Amt>
        <CdtDbtInd>DBIT</CdtDbtInd>
        <RvslInd>false</RvslInd>
        <Sts>BOOK</Sts>
        <ValDt>
          <Dt>2026-04-30</Dt>
        </ValDt>
        <BkTxCd>
          <Domn>
            <Cd>PMNT</Cd>
            <Fmly>
              <Cd>ICDT</Cd>
              <SubFmlyCd>BOOK</SubFmlyCd>
            </Fmly>
          </Domn>
        </BkTxCd>
        <NtryDtls>
          <TxDtls>
            <AddtlTxInf>CMO TRANSFER                  ,TO: 00002/55-78418            </AddtlTxInf>
          </TxDtls>
        </NtryDtls>
      </Ntry>
      <Ntry>
        <Amt Ccy="CAD">0000001138522.62</Amt>
        <CdtDbtInd>CRDT</CdtDbtInd>
        <RvslInd>false</RvslInd>
        <Sts>BOOK</Sts>
        <ValDt>
          <Dt>2026-04-30</Dt>
        </ValDt>
        <BkTxCd>
          <Domn>
            <Cd>ACMT</Cd>
            <Fmly>
              <Cd>MCOP</Cd>
              <SubFmlyCd>OTHR</SubFmlyCd>
            </Fmly>
          </Domn>
        </BkTxCd>
        <NtryDtls>
          <TxDtls>
            <AddtlTxInf>CREDIT MEMO                   ,SETTLEMENT 5762               ,CIBC DATA CENTRE 01020        ,TN0000010603033373608925</AddtlTxInf>
          </TxDtls>
        </NtryDtls>
      </Ntry>
      <Ntry>
        <Amt Ccy="CAD">0000000860813.13</Amt>
        <CdtDbtInd>CRDT</CdtDbtInd>
        <RvslInd>false</RvslInd>
        <Sts>BOOK</Sts>
        <ValDt>
          <Dt>2026-04-30</Dt>
        </ValDt>
        <BkTxCd>
          <Domn>
            <Cd>PMNT</Cd>
            <Fmly>
              <Cd>RCDT</Cd>
              <SubFmlyCd>DMCT</SubFmlyCd>
            </Fmly>
          </Domn>
        </BkTxCd>
        <NtryDtls>
          <TxDtls>
            <AddtlTxInf>WIRE TSF 3009985              ,FUNDSERV INC                  </AddtlTxInf>
          </TxDtls>
        </NtryDtls>
      </Ntry>
      <Ntry>
        <Amt Ccy="CAD">0000000721179.69</Amt>
        <CdtDbtInd>CRDT</CdtDbtInd>
        <RvslInd>false</RvslInd>
        <Sts>BOOK</Sts>
        <ValDt>
          <Dt>2026-04-30</Dt>
        </ValDt>
        <BkTxCd>
          <Domn>
            <Cd>PMNT</Cd>
            <Fmly>
              <Cd>RCDT</Cd>
              <SubFmlyCd>DMCT</SubFmlyCd>
            </Fmly>
          </Domn>
        </BkTxCd>
        <NtryDtls>
          <TxDtls>
            <AddtlTxInf>WIRE TSF 3007246              ,FUNDSERV INC                  </AddtlTxInf>
          </TxDtls>
        </NtryDtls>
      </Ntry>
      <Ntry>
        <Amt Ccy="CAD">0000000507778.67</Amt>
        <CdtDbtInd>CRDT</CdtDbtInd>
        <RvslInd>false</RvslInd>
        <Sts>BOOK</Sts>
        <ValDt>
          <Dt>2026-04-30</Dt>
        </ValDt>
        <BkTxCd>
          <Domn>
            <Cd>ACMT</Cd>
            <Fmly>
              <Cd>MCOP</Cd>
              <SubFmlyCd>OTHR</SubFmlyCd>
            </Fmly>
          </Domn>
        </BkTxCd>
        <NtryDtls>
          <TxDtls>
            <AddtlTxInf>CREDIT MEMO                   ,SETTLEMENT 5768               ,CIBC DATA CENTRE 01020        ,TN0000010603035373989887</AddtlTxInf>
          </TxDtls>
        </NtryDtls>
      </Ntry>
      <Ntry>
        <Amt Ccy="CAD">0000000169550.53</Amt>
        <CdtDbtInd>CRDT</CdtDbtInd>
        <RvslInd>false</RvslInd>
        <Sts>BOOK</Sts>
        <ValDt>
          <Dt>2026-04-30</Dt>
        </ValDt>
        <BkTxCd>
          <Domn>
            <Cd>PMNT</Cd>
            <Fmly>
              <Cd>RCDT</Cd>
              <SubFmlyCd>DMCT</SubFmlyCd>
            </Fmly>
          </Domn>
        </BkTxCd>
        <NtryDtls>
          <TxDtls>
            <AddtlTxInf>WIRE TSF 3010025              ,FUNDSERV INC                  </AddtlTxInf>
          </TxDtls>
        </NtryDtls>
      </Ntry>
      <Ntry>
        <Amt Ccy="CAD">0000000078167.42</Amt>
        <CdtDbtInd>CRDT</CdtDbtInd>
        <RvslInd>false</RvslInd>
        <Sts>BOOK</Sts>
        <ValDt>
          <Dt>2026-04-30</Dt>
        </ValDt>
        <BkTxCd>
          <Domn>
            <Cd>PMNT</Cd>
            <Fmly>
              <Cd>CNTR</Cd>
              <SubFmlyCd>MIXD</SubFmlyCd>
            </Fmly>
          </Domn>
        </BkTxCd>
        <NtryDtls>
          <TxDtls>
            <AddtlTxInf>INSTANT TELLER DEPOSIT 4C13   ,4506*********696              </AddtlTxInf>
          </TxDtls>
        </NtryDtls>
      </Ntry>
      <Ntry>
        <Amt Ccy="CAD">0000000070981.18</Amt>
        <CdtDbtInd>CRDT</CdtDbtInd>
        <RvslInd>false</RvslInd>
        <Sts>BOOK</Sts>
        <ValDt>
          <Dt>2026-04-30</Dt>
        </ValDt>
        <BkTxCd>
          <Domn>
            <Cd>ACMT</Cd>
            <Fmly>
              <Cd>MCOP</Cd>
              <SubFmlyCd>OTHR</SubFmlyCd>
            </Fmly>
          </Domn>
        </BkTxCd>
        <NtryDtls>
          <TxDtls>
            <AddtlTxInf>CREDIT MEMO                   ,SETTLEMENT 5764               ,CIBC DATA CENTRE 01020        ,TN0000010603034373609152</AddtlTxInf>
          </TxDtls>
        </NtryDtls>
      </Ntry>
      <Ntry>
        <Amt Ccy="CAD">0000000055035.40</Amt>
        <CdtDbtInd>CRDT</CdtDbtInd>
        <RvslInd>false</RvslInd>
        <Sts>BOOK</Sts>
        <ValDt>
          <Dt>2026-04-30</Dt>
        </ValDt>
        <BkTxCd>
          <Domn>
            <Cd>PMNT</Cd>
            <Fmly>
              <Cd>RCDT</Cd>
              <SubFmlyCd>APAC</SubFmlyCd>
            </Fmly>
          </Domn>
        </BkTxCd>
        <NtryDtls>
          <TxDtls>
            <AddtlTxInf>MISCELLANEOUS PAYMENT         ,Home Bank                     ,,TN0102001207474000032942</AddtlTxInf>
          </TxDtls>
        </NtryDtls>
      </Ntry>
      <Ntry>
        <Amt Ccy="CAD">0000000001900.00</Amt>
        <CdtDbtInd>CRDT</CdtDbtInd>
        <RvslInd>false</RvslInd>
        <Sts>BOOK</Sts>
        <ValDt>
          <Dt>2026-04-30</Dt>
        </ValDt>
        <BkTxCd>
          <Domn>
            <Cd>PMNT</Cd>
            <Fmly>
              <Cd>RCDT</Cd>
              <SubFmlyCd>APAC</SubFmlyCd>
            </Fmly>
          </Domn>
        </BkTxCd>
        <NtryDtls>
          <TxDtls>
            <AddtlTxInf>MISCELLANEOUS PAYMENT         ,EDI **611912437               ,CIBCABP                       ,TN0000010200000369920200</AddtlTxInf>
          </TxDtls>
        </NtryDtls>
      </Ntry>
      <Ntry>
        <Amt Ccy="CAD">0000000001832.60</Amt>
        <CdtDbtInd>CRDT</CdtDbtInd>
        <RvslInd>false</RvslInd>
        <Sts>BOOK</Sts>
        <ValDt>
          <Dt>2026-04-30</Dt>
        </ValDt>
        <BkTxCd>
          <Domn>
            <Cd>PMNT</Cd>
            <Fmly>
              <Cd>RCDT</Cd>
              <SubFmlyCd>APAC</SubFmlyCd>
            </Fmly>
          </Domn>
        </BkTxCd>
        <NtryDtls>
          <TxDtls>
            <AddtlTxInf>MISCELLANEOUS PAYMENT         ,EDI 50007997417               ,CCPEDQ                        ,TN0000010200000371503177</AddtlTxInf>
          </TxDtls>
        </NtryDtls>
      </Ntry>
      <Ntry>
        <Amt Ccy="CAD">0000000000820.14</Amt>
        <CdtDbtInd>CRDT</CdtDbtInd>
        <RvslInd>false</RvslInd>
        <Sts>BOOK</Sts>
        <ValDt>
          <Dt>2026-04-30</Dt>
        </ValDt>
        <BkTxCd>
          <Domn>
            <Cd>PMNT</Cd>
            <Fmly>
              <Cd>RCDT</Cd>
              <SubFmlyCd>APAC</SubFmlyCd>
            </Fmly>
          </Domn>
        </BkTxCd>
        <NtryDtls>
          <TxDtls>
            <AddtlTxInf>MISCELLANEOUS PAYMENT         ,EDI ***33520264               ,TD CANADA TRUST               ,TN0000010200000371502290</AddtlTxInf>
          </TxDtls>
        </NtryDtls>
      </Ntry>
      <Ntry>
        <Amt Ccy="CAD">0000000000244.84</Amt>
        <CdtDbtInd>CRDT</CdtDbtInd>
        <RvslInd>false</RvslInd>
        <Sts>BOOK</Sts>
        <ValDt>
          <Dt>2026-04-30</Dt>
        </ValDt>
        <BkTxCd>
          <Domn>
            <Cd>PMNT</Cd>
            <Fmly>
              <Cd>RCDT</Cd>
              <SubFmlyCd>APAC</SubFmlyCd>
            </Fmly>
          </Domn>
        </BkTxCd>
        <NtryDtls>
          <TxDtls>
            <AddtlTxInf>MISCELLANEOUS PAYMENT         ,000001635225319               ,NEWLOOK CAPITAL INC           ,TN0102004202175201379341</AddtlTxInf>
          </TxDtls>
        </NtryDtls>
      </Ntry>
      <Ntry>
        <Amt Ccy="CAD">0000000000084.35</Amt>
        <CdtDbtInd>CRDT</CdtDbtInd>
        <RvslInd>false</RvslInd>
        <Sts>BOOK</Sts>
        <ValDt>
          <Dt>2026-04-30</Dt>
        </ValDt>
        <BkTxCd>
          <Domn>
            <Cd>PMNT</Cd>
            <Fmly>
              <Cd>RCDT</Cd>
              <SubFmlyCd>DMCT</SubFmlyCd>
            </Fmly>
          </Domn>
        </BkTxCd>
        <NtryDtls>
          <TxDtls>
            <AddtlTxInf>WIRE TSF 3009947              ,FUNDSERV INC                  </AddtlTxInf>
          </TxDtls>
        </NtryDtls>
      </Ntry>
      <Ntry>
        <Amt Ccy="CAD">0000000000038.13</Amt>
        <CdtDbtInd>CRDT</CdtDbtInd>
        <RvslInd>false</RvslInd>
        <Sts>BOOK</Sts>
        <ValDt>
          <Dt>2026-04-30</Dt>
        </ValDt>
        <BkTxCd>
          <Domn>
            <Cd>PMNT</Cd>
            <Fmly>
              <Cd>RCDT</Cd>
              <SubFmlyCd>APAC</SubFmlyCd>
            </Fmly>
          </Domn>
        </BkTxCd>
        <NtryDtls>
          <TxDtls>
            <AddtlTxInf>MISCELLANEOUS PAYMENT         ,Home Bank                     ,,TN0102001207474000032899</AddtlTxInf>
          </TxDtls>
        </NtryDtls>
      </Ntry>
      <Ntry>
        <Amt Ccy="CAD">0000000000007.25</Amt>
        <CdtDbtInd>CRDT</CdtDbtInd>
        <RvslInd>false</RvslInd>
        <Sts>BOOK</Sts>
        <ValDt>
          <Dt>2026-04-30</Dt>
        </ValDt>
        <BkTxCd>
          <Domn>
            <Cd>PMNT</Cd>
            <Fmly>
              <Cd>RCDT</Cd>
              <SubFmlyCd>APAC</SubFmlyCd>
            </Fmly>
          </Domn>
        </BkTxCd>
        <NtryDtls>
          <TxDtls>
            <AddtlTxInf>MISCELLANEOUS PAYMENT         ,Dilution fee                  ,TRADEX OPERATNG               ,TN0102003201976217574157</AddtlTxInf>
          </TxDtls>
        </NtryDtls>
      </Ntry>
    </Stmt>
    <Stmt>
      <Id>000020385212BCC</Id>
      <CreDtTm>2026-05-01T05:12:59</CreDtTm>
      <Acct>
        <Id>
          <Othr>
            <Id>000020385212</Id>
          </Othr>
        </Id>
      </Acct>
      <Bal>
        <Tp>
          <CdOrPrtry>
            <Cd>CLBD</Cd>
          </CdOrPrtry>
        </Tp>
        <Amt Ccy="USD">0000000700113.87</Amt>
        <CdtDbtInd>CRDT</CdtDbtInd>
        <Dt>
          <Dt>2026-04-30</Dt>
        </Dt>
      </Bal>
      <Bal>
        <Tp>
          <CdOrPrtry>
            <Cd>OPBD</Cd>
          </CdOrPrtry>
        </Tp>
        <Amt Ccy="USD">0000000700113.87</Amt>
        <CdtDbtInd>CRDT</CdtDbtInd>
        <Dt>
          <Dt>2026-04-30</Dt>
        </Dt>
      </Bal>
      <TxsSummry>
        <TtlCdtNtries>
          <NbOfNtries>00000</NbOfNtries>
          <Sum>00000000000.00</Sum>
        </TtlCdtNtries>
        <TtlDbtNtries>
          <NbOfNtries>00000</NbOfNtries>
          <Sum>00000000000.00</Sum>
        </TtlDbtNtries>
      </TxsSummry>
    </Stmt>
  </BkToCstmrStmt>
</Document>