<?xml version="1.0" encoding="UTF-8"?>
<Document xmlns="urn:iso:std:iso:20022:tech:xsd:camt.053.001.02" xmlns:xsi="http://www.w3.org/2001/XMLSchema-instance">
<BkToCstmrStmt>
<GrpHdr>
<MsgId>9910201098100202605090510272259</MsgId>
<CreDtTm>2026-05-09T05:10:27</CreDtTm>
<MsgRcpt>
<Nm>98100</Nm>
</MsgRcpt>
</GrpHdr>
<Stmt>
<Id>000025578418BCC</Id>
<CreDtTm>2026-05-09T05:10:27</CreDtTm>
<Acct>
<Id>
<Othr>
<Id>000025578418</Id>
</Othr>
</Id>
</Acct>
<Bal>
<Tp>
<CdOrPrtry>
<Cd>CLBD</Cd>
</CdOrPrtry>
</Tp>
<Amt Ccy="CAD">0000001802146.68</Amt>
<CdtDbtInd>CRDT</CdtDbtInd>
<Dt>
<Dt>2026-05-08</Dt>
</Dt>
</Bal>
<Bal>
<Tp>
<CdOrPrtry>
<Cd>OPBD</Cd>
</CdOrPrtry>
</Tp>
<Amt Ccy="CAD">0000001539366.99</Amt>
<CdtDbtInd>CRDT</CdtDbtInd>
<Dt>
<Dt>2026-05-08</Dt>
</Dt>
</Bal>
<TxsSummry>
<TtlCdtNtries>
<NbOfNtries>00002</NbOfNtries>
<Sum>00000266405.47</Sum>
</TtlCdtNtries>
<TtlDbtNtries>
<NbOfNtries>00004</NbOfNtries>
<Sum>00000003625.78</Sum>
</TtlDbtNtries>
</TxsSummry>
<Ntry>
<Amt Ccy="CAD">0000000002994.50</Amt>
<CdtDbtInd>DBIT</CdtDbtInd>
<RvslInd>false</RvslInd>
<Sts>BOOK</Sts>
<ValDt>
<Dt>2026-05-08</Dt>
</ValDt>
<BkTxCd>
<Domn>
<Cd>ACMT</Cd>
<Fmly>
<Cd>MDOP</Cd>
<SubFmlyCd>OTHR</SubFmlyCd>
</Fmly>
</Domn>
</BkTxCd>
<NtryDtls>
<TxDtls>
<AddtlTxInf>DEBIT MEMO                    ,SETTLEMENT 3207               ,CIBC DATA CENTRE 01020        ,TN0000010203207401313462</AddtlTxInf>
</TxDtls>
</NtryDtls>
</Ntry>
<Ntry>
<Amt Ccy="CAD">0000000000500.00</Amt>
<CdtDbtInd>DBIT</CdtDbtInd>
<RvslInd>false</RvslInd>
<Sts>BOOK</Sts>
<ValDt>
<Dt>2026-05-08</Dt>
</ValDt>
<BkTxCd>
<Domn>
<Cd>ACMT</Cd>
<Fmly>
<Cd>MDOP</Cd>
<SubFmlyCd>OTHR</SubFmlyCd>
</Fmly>
</Domn>
</BkTxCd>
<NtryDtls>
<TxDtls>
<AddtlTxInf>DEBIT MEMO                    ,SETTLEMENT 3209               ,CIBC DATA CENTRE 01020        ,TN0000010203209408308588</AddtlTxInf>
</TxDtls>
</NtryDtls>
</Ntry>
<Ntry>
<Amt Ccy="CAD">0000000000106.28</Amt>
<CdtDbtInd>DBIT</CdtDbtInd>
<RvslInd>false</RvslInd>
<Sts>BOOK</Sts>
<ValDt>
<Dt>2026-05-08</Dt>
</ValDt>
<BkTxCd>
<Domn>
<Cd>ACMT</Cd>
<Fmly>
<Cd>MDOP</Cd>
<SubFmlyCd>OTHR</SubFmlyCd>
</Fmly>
</Domn>
</BkTxCd>
<NtryDtls>
<TxDtls>
<AddtlTxInf>DEBIT MEMO                    ,SETTLEMENT 3212               ,CIBC DATA CENTRE 01020        ,TN0000010203212408814459</AddtlTxInf>
</TxDtls>
</NtryDtls>
</Ntry>
<Ntry>
<Amt Ccy="CAD">0000000000025.00</Amt>
<CdtDbtInd>DBIT</CdtDbtInd>
<RvslInd>false</RvslInd>
<Sts>BOOK</Sts>
<ValDt>
<Dt>2026-05-08</Dt>
</ValDt>
<BkTxCd>
<Domn>
<Cd>PMNT</Cd>
<Fmly>
<Cd>IDDT</Cd>
<SubFmlyCd>PADD</SubFmlyCd>
</Fmly>
</Domn>
</BkTxCd>
<NtryDtls>
<TxDtls>
<AddtlTxInf>PREAUTHORIZED DEBIT           ,PERCEPT CPTE BNC/NBC BILL PMT ,,TN0101006108562770763337</AddtlTxInf>
</TxDtls>
</NtryDtls>
</Ntry>
<Ntry>
<Amt Ccy="CAD">0000000194066.42</Amt>
<CdtDbtInd>CRDT</CdtDbtInd>
<RvslInd>false</RvslInd>
<Sts>BOOK</Sts>
<ValDt>
<Dt>2026-05-08</Dt>
</ValDt>
<BkTxCd>
<Domn>
<Cd>PMNT</Cd>
<Fmly>
<Cd>RCDT</Cd>
<SubFmlyCd>BOOK</SubFmlyCd>
</Fmly>
</Domn>
</BkTxCd>
<NtryDtls>
<TxDtls>
<AddtlTxInf>CMO TRANSFER                  ,FROM: 00002/55-78515          </AddtlTxInf>
</TxDtls>
</NtryDtls>
</Ntry>
<Ntry>
<Amt Ccy="CAD">0000000072339.05</Amt>
<CdtDbtInd>CRDT</CdtDbtInd>
<RvslInd>false</RvslInd>
<Sts>BOOK</Sts>
<ValDt>
<Dt>2026-05-08</Dt>
</ValDt>
<BkTxCd>
<Domn>
<Cd>PMNT</Cd>
<Fmly>
<Cd>RCDT</Cd>
<SubFmlyCd>BOOK</SubFmlyCd>
</Fmly>
</Domn>
</BkTxCd>
<NtryDtls>
<TxDtls>
<AddtlTxInf>CMO TRANSFER                  ,FROM: 00002/55-78515          </AddtlTxInf>
</TxDtls>
</NtryDtls>
</Ntry>
</Stmt>
<Stmt>
<Id>000025578515BCC</Id>
<CreDtTm>2026-05-09T05:10:27</CreDtTm>
<Acct>
<Id>
<Othr>
<Id>000025578515</Id>
</Othr>
</Id>
</Acct>
<Bal>
<Tp>
<CdOrPrtry>
<Cd>CLBD</Cd>
</CdOrPrtry>
</Tp>
<Amt Ccy="CAD">0000026120995.20</Amt>
<CdtDbtInd>CRDT</CdtDbtInd>
<Dt>
<Dt>2026-05-08</Dt>
</Dt>
</Bal>
<Bal>
<Tp>
<CdOrPrtry>
<Cd>OPBD</Cd>
</CdOrPrtry>
</Tp>
<Amt Ccy="CAD">0000025758934.42</Amt>
<CdtDbtInd>CRDT</CdtDbtInd>
<Dt>
<Dt>2026-05-08</Dt>
</Dt>
</Bal>
<TxsSummry>
<TtlCdtNtries>
<NbOfNtries>00014</NbOfNtries>
<Sum>00001906547.77</Sum>
</TtlCdtNtries>
<TtlDbtNtries>
<NbOfNtries>00012</NbOfNtries>
<Sum>00001544486.99</Sum>
</TtlDbtNtries>
</TxsSummry>
<Ntry>
<Amt Ccy="CAD">0000000672729.83</Amt>
<CdtDbtInd>DBIT</CdtDbtInd>
<RvslInd>false</RvslInd>
<Sts>BOOK</Sts>
<ValDt>
<Dt>2026-05-08</Dt>
</ValDt>
<BkTxCd>
<Domn>
<Cd>ACMT</Cd>
<Fmly>
<Cd>MDOP</Cd>
<SubFmlyCd>OTHR</SubFmlyCd>
</Fmly>
</Domn>
</BkTxCd>
<NtryDtls>
<TxDtls>
<AddtlTxInf>DEBIT MEMO                    ,SETTLEMENT 5801               ,CIBC DATA CENTRE 01020        ,TN0000010604276408505351</AddtlTxInf>
</TxDtls>
</NtryDtls>
</Ntry>
<Ntry>
<Amt Ccy="CAD">0000000220985.84</Amt>
<CdtDbtInd>DBIT</CdtDbtInd>
<RvslInd>false</RvslInd>
<Sts>BOOK</Sts>
<ValDt>
<Dt>2026-05-08</Dt>
</ValDt>
<BkTxCd>
<Domn>
<Cd>ACMT</Cd>
<Fmly>
<Cd>MDOP</Cd>
<SubFmlyCd>OTHR</SubFmlyCd>
</Fmly>
</Domn>
</BkTxCd>
<NtryDtls>
<TxDtls>
<AddtlTxInf>DEBIT MEMO                    ,SETTLEMENT 5802               ,CIBC DATA CENTRE 01020        ,TN0000010604277408505356</AddtlTxInf>
</TxDtls>
</NtryDtls>
</Ntry>
<Ntry>
<Amt Ccy="CAD">0000000194066.42</Amt>
<CdtDbtInd>DBIT</CdtDbtInd>
<RvslInd>false</RvslInd>
<Sts>BOOK</Sts>
<ValDt>
<Dt>2026-05-08</Dt>
</ValDt>
<BkTxCd>
<Domn>
<Cd>PMNT</Cd>
<Fmly>
<Cd>ICDT</Cd>
<SubFmlyCd>BOOK</SubFmlyCd>
</Fmly>
</Domn>
</BkTxCd>
<NtryDtls>
<TxDtls>
<AddtlTxInf>CMO TRANSFER                  ,TO: 00002/55-78418            </AddtlTxInf>
</TxDtls>
</NtryDtls>
</Ntry>
<Ntry>
<Amt Ccy="CAD">0000000150000.00</Amt>
<CdtDbtInd>DBIT</CdtDbtInd>
<RvslInd>false</RvslInd>
<Sts>BOOK</Sts>
<ValDt>
<Dt>2026-05-08</Dt>
</ValDt>
<BkTxCd>
<Domn>
<Cd>ACMT</Cd>
<Fmly>
<Cd>MDOP</Cd>
<SubFmlyCd>OTHR</SubFmlyCd>
</Fmly>
</Domn>
</BkTxCd>
<NtryDtls>
<TxDtls>
<AddtlTxInf>DEBIT MEMO                    ,SETTLEMENT 3210               ,CIBC DATA CENTRE 01020        ,TN0000010203210408505328</AddtlTxInf>
</TxDtls>
</NtryDtls>
</Ntry>
<Ntry>
<Amt Ccy="CAD">0000000080963.92</Amt>
<CdtDbtInd>DBIT</CdtDbtInd>
<RvslInd>false</RvslInd>
<Sts>BOOK</Sts>
<ValDt>
<Dt>2026-05-08</Dt>
</ValDt>
<BkTxCd>
<Domn>
<Cd>PMNT</Cd>
<Fmly>
<Cd>ICHQ</Cd>
<SubFmlyCd>CCHQ</SubFmlyCd>
</Fmly>
</Domn>
</BkTxCd>
<NtryDtls>
<TxDtls>
<Refs>
<AcctSvcrRef>081346973</AcctSvcrRef>
<PmtInfId>000000000324</PmtInfId>
</Refs>
<AddtlTxInf>CHEQUE                        </AddtlTxInf>
</TxDtls>
</NtryDtls>
</Ntry>
<Ntry>
<Amt Ccy="CAD">0000000077450.13</Amt>
<CdtDbtInd>DBIT</CdtDbtInd>
<RvslInd>false</RvslInd>
<Sts>BOOK</Sts>
<ValDt>
<Dt>2026-05-08</Dt>
</ValDt>
<BkTxCd>
<Domn>
<Cd>PMNT</Cd>
<Fmly>
<Cd>ICDT</Cd>
<SubFmlyCd>DMCT</SubFmlyCd>
</Fmly>
</Domn>
</BkTxCd>
<NtryDtls>
<TxDtls>
<AddtlTxInf>WIRE PAYMENT3498446           ,FundServ Inc.                 </AddtlTxInf>
</TxDtls>
</NtryDtls>
</Ntry>
<Ntry>
<Amt Ccy="CAD">0000000072339.05</Amt>
<CdtDbtInd>DBIT</CdtDbtInd>
<RvslInd>false</RvslInd>
<Sts>BOOK</Sts>
<ValDt>
<Dt>2026-05-08</Dt>
</ValDt>
<BkTxCd>
<Domn>
<Cd>PMNT</Cd>
<Fmly>
<Cd>ICDT</Cd>
<SubFmlyCd>BOOK</SubFmlyCd>
</Fmly>
</Domn>
</BkTxCd>
<NtryDtls>
<TxDtls>
<AddtlTxInf>CMO TRANSFER                  ,TO: 00002/55-78418            </AddtlTxInf>
</TxDtls>
</NtryDtls>
</Ntry>
<Ntry>
<Amt Ccy="CAD">0000000029416.21</Amt>
<CdtDbtInd>DBIT</CdtDbtInd>
<RvslInd>false</RvslInd>
<Sts>BOOK</Sts>
<ValDt>
<Dt>2026-05-08</Dt>
</ValDt>
<BkTxCd>
<Domn>
<Cd>ACMT</Cd>
<Fmly>
<Cd>MDOP</Cd>
<SubFmlyCd>OTHR</SubFmlyCd>
</Fmly>
</Domn>
</BkTxCd>
<NtryDtls>
<TxDtls>
<AddtlTxInf>DEBIT MEMO                    ,SETTLEMENT 5798               ,CIBC DATA CENTRE 01020        ,TN0000010604279408812466</AddtlTxInf>
</TxDtls>
</NtryDtls>
</Ntry>
<Ntry>
<Amt Ccy="CAD">0000000020123.58</Amt>
<CdtDbtInd>DBIT</CdtDbtInd>
<RvslInd>false</RvslInd>
<Sts>BOOK</Sts>
<ValDt>
<Dt>2026-05-08</Dt>
</ValDt>
<BkTxCd>
<Domn>
<Cd>ACMT</Cd>
<Fmly>
<Cd>MDOP</Cd>
<SubFmlyCd>OTHR</SubFmlyCd>
</Fmly>
</Domn>
</BkTxCd>
<NtryDtls>
<TxDtls>
<AddtlTxInf>DEBIT MEMO                    ,SETTLEMENT 5790               ,CIBC DATA CENTRE 01020        ,TN0000010604267396710763</AddtlTxInf>
</TxDtls>
</NtryDtls>
</Ntry>
<Ntry>
<Amt Ccy="CAD">0000000020000.00</Amt>
<CdtDbtInd>DBIT</CdtDbtInd>
<RvslInd>false</RvslInd>
<Sts>BOOK</Sts>
<ValDt>
<Dt>2026-05-08</Dt>
</ValDt>
<BkTxCd>
<Domn>
<Cd>PMNT</Cd>
<Fmly>
<Cd>RCDT</Cd>
<SubFmlyCd>ARET</SubFmlyCd>
</Fmly>
</Domn>
</BkTxCd>
<NtryDtls>
<TxDtls>
<AddtlTxInf>EFT RETURNED ITEM             ,AGORA DEALER SERVICES         ,,TN0102003201993320740069</AddtlTxInf>
</TxDtls>
</NtryDtls>
</Ntry>
<Ntry>
<Amt Ccy="CAD">0000000006400.00</Amt>
<CdtDbtInd>DBIT</CdtDbtInd>
<RvslInd>false</RvslInd>
<Sts>BOOK</Sts>
<ValDt>
<Dt>2026-05-08</Dt>
</ValDt>
<BkTxCd>
<Domn>
<Cd>ACMT</Cd>
<Fmly>
<Cd>MDOP</Cd>
<SubFmlyCd>OTHR</SubFmlyCd>
</Fmly>
</Domn>
</BkTxCd>
<NtryDtls>
<TxDtls>
<AddtlTxInf>DEBIT MEMO                    ,SETTLEMENT 5795               ,CIBC DATA CENTRE 01020        ,TN0000010604273403009943</AddtlTxInf>
</TxDtls>
</NtryDtls>
</Ntry>
<Ntry>
<Amt Ccy="CAD">0000000000012.01</Amt>
<CdtDbtInd>DBIT</CdtDbtInd>
<RvslInd>false</RvslInd>
<Sts>BOOK</Sts>
<ValDt>
<Dt>2026-05-08</Dt>
</ValDt>
<BkTxCd>
<Domn>
<Cd>ACMT</Cd>
<Fmly>
<Cd>MDOP</Cd>
<SubFmlyCd>OTHR</SubFmlyCd>
</Fmly>
</Domn>
</BkTxCd>
<NtryDtls>
<TxDtls>
<AddtlTxInf>DEBIT MEMO                    ,SETTLEMENT 3213               ,CIBC DATA CENTRE 01020        ,TN0000010203213408812464</AddtlTxInf>
</TxDtls>
</NtryDtls>
</Ntry>
<Ntry>
<Amt Ccy="CAD">0000000575043.70</Amt>
<CdtDbtInd>CRDT</CdtDbtInd>
<RvslInd>false</RvslInd>
<Sts>BOOK</Sts>
<ValDt>
<Dt>2026-05-08</Dt>
</ValDt>
<BkTxCd>
<Domn>
<Cd>PMNT</Cd>
<Fmly>
<Cd>CNTR</Cd>
<SubFmlyCd>MIXD</SubFmlyCd>
</Fmly>
</Domn>
</BkTxCd>
<NtryDtls>
<TxDtls>
<AddtlTxInf>INSTANT TELLER DEPOSIT 4G2R   ,4506*********696              </AddtlTxInf>
</TxDtls>
</NtryDtls>
</Ntry>
<Ntry>
<Amt Ccy="CAD">0000000425306.03</Amt>
<CdtDbtInd>CRDT</CdtDbtInd>
<RvslInd>false</RvslInd>
<Sts>BOOK</Sts>
<ValDt>
<Dt>2026-05-08</Dt>
</ValDt>
<BkTxCd>
<Domn>
<Cd>PMNT</Cd>
<Fmly>
<Cd>CNTR</Cd>
<SubFmlyCd>MIXD</SubFmlyCd>
</Fmly>
</Domn>
</BkTxCd>
<NtryDtls>
<TxDtls>
<AddtlTxInf>INSTANT TELLER DEPOSIT 4G2R   ,4506*********696              </AddtlTxInf>
</TxDtls>
</NtryDtls>
</Ntry>
<Ntry>
<Amt Ccy="CAD">0000000266331.35</Amt>
<CdtDbtInd>CRDT</CdtDbtInd>
<RvslInd>false</RvslInd>
<Sts>BOOK</Sts>
<ValDt>
<Dt>2026-05-08</Dt>
</ValDt>
<BkTxCd>
<Domn>
<Cd>ACMT</Cd>
<Fmly>
<Cd>MCOP</Cd>
<SubFmlyCd>OTHR</SubFmlyCd>
</Fmly>
</Domn>
</BkTxCd>
<NtryDtls>
<TxDtls>
<AddtlTxInf>CREDIT MEMO                   ,SETTLEMENT 5799               ,CIBC DATA CENTRE 01020        ,TN0000010603050408505781</AddtlTxInf>
</TxDtls>
</NtryDtls>
</Ntry>
<Ntry>
<Amt Ccy="CAD">0000000138101.35</Amt>
<CdtDbtInd>CRDT</CdtDbtInd>
<RvslInd>false</RvslInd>
<Sts>BOOK</Sts>
<ValDt>
<Dt>2026-05-08</Dt>
</ValDt>
<BkTxCd>
<Domn>
<Cd>PMNT</Cd>
<Fmly>
<Cd>RCDT</Cd>
<SubFmlyCd>DMCT</SubFmlyCd>
</Fmly>
</Domn>
</BkTxCd>
<NtryDtls>
<TxDtls>
<AddtlTxInf>WIRE TSF 0887097              ,FUNDSERV INC                  </AddtlTxInf>
</TxDtls>
</NtryDtls>
</Ntry>
<Ntry>
<Amt Ccy="CAD">0000000125049.25</Amt>
<CdtDbtInd>CRDT</CdtDbtInd>
<RvslInd>false</RvslInd>
<Sts>BOOK</Sts>
<ValDt>
<Dt>2026-05-08</Dt>
</ValDt>
<BkTxCd>
<Domn>
<Cd>PMNT</Cd>
<Fmly>
<Cd>RCDT</Cd>
<SubFmlyCd>DMCT</SubFmlyCd>
</Fmly>
</Domn>
</BkTxCd>
<NtryDtls>
<TxDtls>
<AddtlTxInf>WIRE TSF 0887580              ,FUNDSERV INC                  </AddtlTxInf>
</TxDtls>
</NtryDtls>
</Ntry>
<Ntry>
<Amt Ccy="CAD">0000000124277.15</Amt>
<CdtDbtInd>CRDT</CdtDbtInd>
<RvslInd>false</RvslInd>
<Sts>BOOK</Sts>
<ValDt>
<Dt>2026-05-08</Dt>
</ValDt>
<BkTxCd>
<Domn>
<Cd>ACMT</Cd>
<Fmly>
<Cd>MCOP</Cd>
<SubFmlyCd>OTHR</SubFmlyCd>
</Fmly>
</Domn>
</BkTxCd>
<NtryDtls>
<TxDtls>
<AddtlTxInf>CREDIT MEMO                   ,SETTLEMENT 5803               ,CIBC DATA CENTRE 01020        ,TN0000010603052409206632</AddtlTxInf>
</TxDtls>
</NtryDtls>
</Ntry>
<Ntry>
<Amt Ccy="CAD">0000000085802.00</Amt>
<CdtDbtInd>CRDT</CdtDbtInd>
<RvslInd>false</RvslInd>
<Sts>BOOK</Sts>
<ValDt>
<Dt>2026-05-08</Dt>
</ValDt>
<BkTxCd>
<Domn>
<Cd>ACMT</Cd>
<Fmly>
<Cd>MCOP</Cd>
<SubFmlyCd>OTHR</SubFmlyCd>
</Fmly>
</Domn>
</BkTxCd>
<NtryDtls>
<TxDtls>
<AddtlTxInf>CREDIT MEMO                   ,SETTLEMENT 0245               ,CIBC DATA CENTRE 01020        ,TN0000010200245408308592</AddtlTxInf>
</TxDtls>
</NtryDtls>
</Ntry>
<Ntry>
<Amt Ccy="CAD">0000000085802.00</Amt>
<CdtDbtInd>CRDT</CdtDbtInd>
<RvslInd>false</RvslInd>
<Sts>BOOK</Sts>
<ValDt>
<Dt>2026-05-08</Dt>
</ValDt>
<BkTxCd>
<Domn>
<Cd>ACMT</Cd>
<Fmly>
<Cd>MCOP</Cd>
<SubFmlyCd>OTHR</SubFmlyCd>
</Fmly>
</Domn>
</BkTxCd>
<NtryDtls>
<TxDtls>
<AddtlTxInf>CREDIT MEMO                   ,SETTLEMENT 0244               ,CIBC DATA CENTRE 01020        ,TN0000010200244408308590</AddtlTxInf>
</TxDtls>
</NtryDtls>
</Ntry>
<Ntry>
<Amt Ccy="CAD">0000000078145.23</Amt>
<CdtDbtInd>CRDT</CdtDbtInd>
<RvslInd>false</RvslInd>
<Sts>BOOK</Sts>
<ValDt>
<Dt>2026-05-08</Dt>
</ValDt>
<BkTxCd>
<Domn>
<Cd>ACMT</Cd>
<Fmly>
<Cd>MCOP</Cd>
<SubFmlyCd>OTHR</SubFmlyCd>
</Fmly>
</Domn>
</BkTxCd>
<NtryDtls>
<TxDtls>
<AddtlTxInf>CREDIT MEMO                   ,SETTLEMENT 5800               ,CIBC DATA CENTRE 01020        ,TN0000010603051408505961</AddtlTxInf>
</TxDtls>
</NtryDtls>
</Ntry>
<Ntry>
<Amt Ccy="CAD">0000000001153.42</Amt>
<CdtDbtInd>CRDT</CdtDbtInd>
<RvslInd>false</RvslInd>
<Sts>BOOK</Sts>
<ValDt>
<Dt>2026-05-08</Dt>
</ValDt>
<BkTxCd>
<Domn>
<Cd>PMNT</Cd>
<Fmly>
<Cd>RCDT</Cd>
<SubFmlyCd>BOOK</SubFmlyCd>
</Fmly>
</Domn>
</BkTxCd>
<NtryDtls>
<TxDtls>
<AddtlTxInf>CMO TRANSFER                  </AddtlTxInf>
</TxDtls>
</NtryDtls>
</Ntry>
<Ntry>
<Amt Ccy="CAD">0000000000800.00</Amt>
<CdtDbtInd>CRDT</CdtDbtInd>
<RvslInd>false</RvslInd>
<Sts>BOOK</Sts>
<ValDt>
<Dt>2026-05-08</Dt>
</ValDt>
<BkTxCd>
<Domn>
<Cd>PMNT</Cd>
<Fmly>
<Cd>RCDT</Cd>
<SubFmlyCd>APAC</SubFmlyCd>
</Fmly>
</Domn>
</BkTxCd>
<NtryDtls>
<TxDtls>
<AddtlTxInf>MISCELLANEOUS PAYMENT         ,EDI 72234207922               ,ROYAL DIRECT                  ,TN0000010200000407901389</AddtlTxInf>
</TxDtls>
</NtryDtls>
</Ntry>
<Ntry>
<Amt Ccy="CAD">0000000000714.28</Amt>
<CdtDbtInd>CRDT</CdtDbtInd>
<RvslInd>false</RvslInd>
<Sts>BOOK</Sts>
<ValDt>
<Dt>2026-05-08</Dt>
</ValDt>
<BkTxCd>
<Domn>
<Cd>PMNT</Cd>
<Fmly>
<Cd>RCDT</Cd>
<SubFmlyCd>APAC</SubFmlyCd>
</Fmly>
</Domn>
</BkTxCd>
<NtryDtls>
<TxDtls>
<AddtlTxInf>MISCELLANEOUS PAYMENT         ,EDI 50008007408               ,CCPEDQ                        ,TN0000010200000407902572</AddtlTxInf>
</TxDtls>
</NtryDtls>
</Ntry>
<Ntry>
<Amt Ccy="CAD">0000000000012.01</Amt>
<CdtDbtInd>CRDT</CdtDbtInd>
<RvslInd>false</RvslInd>
<Sts>BOOK</Sts>
<ValDt>
<Dt>2026-05-08</Dt>
</ValDt>
<BkTxCd>
<Domn>
<Cd>PMNT</Cd>
<Fmly>
<Cd>RCDT</Cd>
<SubFmlyCd>BOOK</SubFmlyCd>
</Fmly>
</Domn>
</BkTxCd>
<NtryDtls>
<TxDtls>
<AddtlTxInf>CMO TRANSFER                  </AddtlTxInf>
</TxDtls>
</NtryDtls>
</Ntry>
<Ntry>
<Amt Ccy="CAD">0000000000010.00</Amt>
<CdtDbtInd>CRDT</CdtDbtInd>
<RvslInd>false</RvslInd>
<Sts>BOOK</Sts>
<ValDt>
<Dt>2026-05-08</Dt>
</ValDt>
<BkTxCd>
<Domn>
<Cd>PMNT</Cd>
<Fmly>
<Cd>RCDT</Cd>
<SubFmlyCd>APAC</SubFmlyCd>
</Fmly>
</Domn>
</BkTxCd>
<NtryDtls>
<TxDtls>
<AddtlTxInf>MISCELLANEOUS PAYMENT         ,EDI 53203070BZS               ,BANK OF MONTREAL - TBPS       ,TN0000010200000406325240</AddtlTxInf>
</TxDtls>
</NtryDtls>
</Ntry>
</Stmt>
<Stmt>
<Id>000020385212BCC</Id>
<CreDtTm>2026-05-09T05:10:27</CreDtTm>
<Acct>
<Id>
<Othr>
<Id>000020385212</Id>
</Othr>
</Id>
</Acct>
<Bal>
<Tp>
<CdOrPrtry>
<Cd>CLBD</Cd>
</CdOrPrtry>
</Tp>
<Amt Ccy="USD">0000000771063.12</Amt>
<CdtDbtInd>CRDT</CdtDbtInd>
<Dt>
<Dt>2026-05-08</Dt>
</Dt>
</Bal>
<Bal>
<Tp>
<CdOrPrtry>
<Cd>OPBD</Cd>
</CdOrPrtry>
</Tp>
<Amt Ccy="USD">0000000770984.97</Amt>
<CdtDbtInd>CRDT</CdtDbtInd>
<Dt>
<Dt>2026-05-08</Dt>
</Dt>
</Bal>
<TxsSummry>
<TtlCdtNtries>
<NbOfNtries>00002</NbOfNtries>
<Sum>00000000949.11</Sum>
</TtlCdtNtries>
<TtlDbtNtries>
<NbOfNtries>00002</NbOfNtries>
<Sum>00000000870.96</Sum>
</TtlDbtNtries>
</TxsSummry>
<Ntry>
<Amt Ccy="USD">0000000000861.98</Amt>
<CdtDbtInd>DBIT</CdtDbtInd>
<RvslInd>false</RvslInd>
<Sts>BOOK</Sts>
<ValDt>
<Dt>2026-05-08</Dt>
</ValDt>
<BkTxCd>
<Domn>
<Cd>PMNT</Cd>
<Fmly>
<Cd>ICDT</Cd>
<SubFmlyCd>BOOK</SubFmlyCd>
</Fmly>
</Domn>
</BkTxCd>
<NtryDtls>
<TxDtls>
<AddtlTxInf>CMO TRANSFER                  </AddtlTxInf>
</TxDtls>
</NtryDtls>
</Ntry>
<Ntry>
<Amt Ccy="USD">0000000000008.98</Amt>
<CdtDbtInd>DBIT</CdtDbtInd>
<RvslInd>false</RvslInd>
<Sts>BOOK</Sts>
<ValDt>
<Dt>2026-05-08</Dt>
</ValDt>
<BkTxCd>
<Domn>
<Cd>PMNT</Cd>
<Fmly>
<Cd>ICDT</Cd>
<SubFmlyCd>BOOK</SubFmlyCd>
</Fmly>
</Domn>
</BkTxCd>
<NtryDtls>
<TxDtls>
<AddtlTxInf>CMO TRANSFER                  </AddtlTxInf>
</TxDtls>
</NtryDtls>
</Ntry>
<Ntry>
<Amt Ccy="USD">0000000000940.49</Amt>
<CdtDbtInd>CRDT</CdtDbtInd>
<RvslInd>false</RvslInd>
<Sts>BOOK</Sts>
<ValDt>
<Dt>2026-05-08</Dt>
</ValDt>
<BkTxCd>
<Domn>
<Cd>PMNT</Cd>
<Fmly>
<Cd>RCDT</Cd>
<SubFmlyCd>DMCT</SubFmlyCd>
</Fmly>
</Domn>
</BkTxCd>
<NtryDtls>
<TxDtls>
<AddtlTxInf>WIRE TSF 0888035              ,FUNDSERV INC                  </AddtlTxInf>
</TxDtls>
</NtryDtls>
</Ntry>
<Ntry>
<Amt Ccy="USD">0000000000008.62</Amt>
<CdtDbtInd>CRDT</CdtDbtInd>
<RvslInd>false</RvslInd>
<Sts>BOOK</Sts>
<ValDt>
<Dt>2026-05-08</Dt>
</ValDt>
<BkTxCd>
<Domn>
<Cd>PMNT</Cd>
<Fmly>
<Cd>RCDT</Cd>
<SubFmlyCd>DMCT</SubFmlyCd>
</Fmly>
</Domn>
</BkTxCd>
<NtryDtls>
<TxDtls>
<AddtlTxInf>WIRE TSF 0887459              ,FUNDSERV INC                  </AddtlTxInf>
</TxDtls>
</NtryDtls>
</Ntry>
</Stmt>
</BkToCstmrStmt>
</Document>
