<?xml version="1.0" encoding="UTF-8"?>
<Document xmlns="urn:iso:std:iso:20022:tech:xsd:camt.053.001.02" xmlns:xsi="http://www.w3.org/2001/XMLSchema-instance">
<BkToCstmrStmt>
<GrpHdr>
<MsgId>9910201098100202607030622494380</MsgId>
<CreDtTm>2026-07-03T06:22:49</CreDtTm>
<MsgRcpt>
<Nm>98100</Nm>
</MsgRcpt>
</GrpHdr>
<Stmt>
<Id>000025578418BCC</Id>
<CreDtTm>2026-07-03T06:22:49</CreDtTm>
<Acct>
<Id>
<Othr>
<Id>000025578418</Id>
</Othr>
</Id>
</Acct>
<Bal>
<Tp>
<CdOrPrtry>
<Cd>CLBD</Cd>
</CdOrPrtry>
</Tp>
<Amt Ccy="CAD">0000001676311.56</Amt>
<CdtDbtInd>CRDT</CdtDbtInd>
<Dt>
<Dt>2026-07-02</Dt>
</Dt>
</Bal>
<Bal>
<Tp>
<CdOrPrtry>
<Cd>OPBD</Cd>
</CdOrPrtry>
</Tp>
<Amt Ccy="CAD">0000001270280.48</Amt>
<CdtDbtInd>CRDT</CdtDbtInd>
<Dt>
<Dt>2026-07-02</Dt>
</Dt>
</Bal>
<TxsSummry>
<TtlCdtNtries>
<NbOfNtries>00009</NbOfNtries>
<Sum>00000487372.99</Sum>
</TtlCdtNtries>
<TtlDbtNtries>
<NbOfNtries>00012</NbOfNtries>
<Sum>00000081341.91</Sum>
</TtlDbtNtries>
</TxsSummry>
<Ntry>
<Amt Ccy="CAD">0000000054556.80</Amt>
<CdtDbtInd>DBIT</CdtDbtInd>
<RvslInd>false</RvslInd>
<Sts>BOOK</Sts>
<ValDt>
<Dt>2026-07-02</Dt>
</ValDt>
<BkTxCd>
<Domn>
<Cd>ACMT</Cd>
<Fmly>
<Cd>MDOP</Cd>
<SubFmlyCd>OTHR</SubFmlyCd>
</Fmly>
</Domn>
</BkTxCd>
<NtryDtls>
<TxDtls>
<AddtlTxInf>DEBIT MEMO                    ,SETTLEMENT 3310               ,CIBC DATA CENTRE 01020        ,TN0000010203310618849247</AddtlTxInf>
</TxDtls>
</NtryDtls>
</Ntry>
<Ntry>
<Amt Ccy="CAD">0000000010826.33</Amt>
<CdtDbtInd>DBIT</CdtDbtInd>
<RvslInd>false</RvslInd>
<Sts>BOOK</Sts>
<ValDt>
<Dt>2026-07-02</Dt>
</ValDt>
<BkTxCd>
<Domn>
<Cd>PMNT</Cd>
<Fmly>
<Cd>ICDT</Cd>
<SubFmlyCd>OTHR</SubFmlyCd>
</Fmly>
</Domn>
</BkTxCd>
<NtryDtls>
<TxDtls>
<AddtlTxInf>INSURANCE                     ,000000000000000               ,CL GRP INSURED                ,TN0102001207736000009201</AddtlTxInf>
</TxDtls>
</NtryDtls>
</Ntry>
<Ntry>
<Amt Ccy="CAD">0000000008880.30</Amt>
<CdtDbtInd>DBIT</CdtDbtInd>
<RvslInd>false</RvslInd>
<Sts>BOOK</Sts>
<ValDt>
<Dt>2026-07-02</Dt>
</ValDt>
<BkTxCd>
<Domn>
<Cd>PMNT</Cd>
<Fmly>
<Cd>ICDT</Cd>
<SubFmlyCd>ATXN</SubFmlyCd>
</Fmly>
</Domn>
</BkTxCd>
<NtryDtls>
<TxDtls>
<AddtlTxInf>MISCELLANEOUS PAYMENT         ,Triovest Realty Advisors Inc  ,,TN0102001207737000053593</AddtlTxInf>
</TxDtls>
</NtryDtls>
</Ntry>
<Ntry>
<Amt Ccy="CAD">0000000003603.60</Amt>
<CdtDbtInd>DBIT</CdtDbtInd>
<RvslInd>false</RvslInd>
<Sts>BOOK</Sts>
<ValDt>
<Dt>2026-07-02</Dt>
</ValDt>
<BkTxCd>
<Domn>
<Cd>ACMT</Cd>
<Fmly>
<Cd>MDOP</Cd>
<SubFmlyCd>OTHR</SubFmlyCd>
</Fmly>
</Domn>
</BkTxCd>
<NtryDtls>
<TxDtls>
<AddtlTxInf>DEBIT MEMO                    ,SETTLEMENT 3311               ,CIBC DATA CENTRE 01020        ,TN0000010203311618849249</AddtlTxInf>
</TxDtls>
</NtryDtls>
</Ntry>
<Ntry>
<Amt Ccy="CAD">0000000002043.52</Amt>
<CdtDbtInd>DBIT</CdtDbtInd>
<RvslInd>false</RvslInd>
<Sts>BOOK</Sts>
<ValDt>
<Dt>2026-07-02</Dt>
</ValDt>
<BkTxCd>
<Domn>
<Cd>ACMT</Cd>
<Fmly>
<Cd>MDOP</Cd>
<SubFmlyCd>OTHR</SubFmlyCd>
</Fmly>
</Domn>
</BkTxCd>
<NtryDtls>
<TxDtls>
<AddtlTxInf>DEBIT MEMO                    ,CHARGE FOR JUN                ,CIBC EFT SERVICE CHARGE       ,TN0000010200000629873131</AddtlTxInf>
</TxDtls>
</NtryDtls>
</Ntry>
<Ntry>
<Amt Ccy="CAD">0000000001135.86</Amt>
<CdtDbtInd>DBIT</CdtDbtInd>
<RvslInd>false</RvslInd>
<Sts>BOOK</Sts>
<ValDt>
<Dt>2026-07-02</Dt>
</ValDt>
<BkTxCd>
<Domn>
<Cd>ACMT</Cd>
<Fmly>
<Cd>MDOP</Cd>
<SubFmlyCd>OTHR</SubFmlyCd>
</Fmly>
</Domn>
</BkTxCd>
<NtryDtls>
<TxDtls>
<AddtlTxInf>DEBIT MEMO                    ,CHARGE FOR JUN                ,CIBC EFT SERVICE CHARGE       ,TN0000010200000629873130</AddtlTxInf>
</TxDtls>
</NtryDtls>
</Ntry>
<Ntry>
<Amt Ccy="CAD">0000000000194.00</Amt>
<CdtDbtInd>DBIT</CdtDbtInd>
<RvslInd>false</RvslInd>
<Sts>BOOK</Sts>
<ValDt>
<Dt>2026-07-02</Dt>
</ValDt>
<BkTxCd>
<Domn>
<Cd>ACMT</Cd>
<Fmly>
<Cd>MCOP</Cd>
<SubFmlyCd>FEES</SubFmlyCd>
</Fmly>
</Domn>
</BkTxCd>
<NtryDtls>
<TxDtls>
<AddtlTxInf>FEE TRANSFER                  </AddtlTxInf>
</TxDtls>
</NtryDtls>
</Ntry>
<Ntry>
<Amt Ccy="CAD">0000000000044.25</Amt>
<CdtDbtInd>DBIT</CdtDbtInd>
<RvslInd>false</RvslInd>
<Sts>BOOK</Sts>
<ValDt>
<Dt>2026-07-02</Dt>
</ValDt>
<BkTxCd>
<Domn>
<Cd>ACMT</Cd>
<Fmly>
<Cd>MCOP</Cd>
<SubFmlyCd>FEES</SubFmlyCd>
</Fmly>
</Domn>
</BkTxCd>
<NtryDtls>
<TxDtls>
<AddtlTxInf>FEE TRANSFER                  </AddtlTxInf>
</TxDtls>
</NtryDtls>
</Ntry>
<Ntry>
<Amt Ccy="CAD">0000000000025.00</Amt>
<CdtDbtInd>DBIT</CdtDbtInd>
<RvslInd>false</RvslInd>
<Sts>BOOK</Sts>
<ValDt>
<Dt>2026-07-02</Dt>
</ValDt>
<BkTxCd>
<Domn>
<Cd>ACMT</Cd>
<Fmly>
<Cd>MDOP</Cd>
<SubFmlyCd>OTHR</SubFmlyCd>
</Fmly>
</Domn>
</BkTxCd>
<NtryDtls>
<TxDtls>
<AddtlTxInf>BILL PAYMENT                  ,FOB13296                      ,DESJ FRAIS MENS PERCPET COMPTE,TN0101815100220000046698</AddtlTxInf>
</TxDtls>
</NtryDtls>
</Ntry>
<Ntry>
<Amt Ccy="CAD">0000000000020.00</Amt>
<CdtDbtInd>DBIT</CdtDbtInd>
<RvslInd>false</RvslInd>
<Sts>BOOK</Sts>
<ValDt>
<Dt>2026-07-02</Dt>
</ValDt>
<BkTxCd>
<Domn>
<Cd>ACMT</Cd>
<Fmly>
<Cd>MDOP</Cd>
<SubFmlyCd>OTHR</SubFmlyCd>
</Fmly>
</Domn>
</BkTxCd>
<NtryDtls>
<TxDtls>
<AddtlTxInf>DEBIT MEMO                    ,GPFS-SERVICE CHARGE           ,,TN0000010100000630258758</AddtlTxInf>
</TxDtls>
</NtryDtls>
</Ntry>
<Ntry>
<Amt Ccy="CAD">0000000000011.00</Amt>
<CdtDbtInd>DBIT</CdtDbtInd>
<RvslInd>false</RvslInd>
<Sts>BOOK</Sts>
<ValDt>
<Dt>2026-06-30</Dt>
</ValDt>
<BkTxCd>
<Domn>
<Cd>ACMT</Cd>
<Fmly>
<Cd>MCOP</Cd>
<SubFmlyCd>FEES</SubFmlyCd>
</Fmly>
</Domn>
</BkTxCd>
<NtryDtls>
<TxDtls>
<AddtlTxInf>SERVICE CHARGE                ,SELF-SERVICE                  </AddtlTxInf>
</TxDtls>
</NtryDtls>
</Ntry>
<Ntry>
<Amt Ccy="CAD">0000000000001.25</Amt>
<CdtDbtInd>DBIT</CdtDbtInd>
<RvslInd>false</RvslInd>
<Sts>BOOK</Sts>
<ValDt>
<Dt>2026-07-02</Dt>
</ValDt>
<BkTxCd>
<Domn>
<Cd>ACMT</Cd>
<Fmly>
<Cd>MCOP</Cd>
<SubFmlyCd>FEES</SubFmlyCd>
</Fmly>
</Domn>
</BkTxCd>
<NtryDtls>
<TxDtls>
<AddtlTxInf>FEE TRANSFER                  </AddtlTxInf>
</TxDtls>
</NtryDtls>
</Ntry>
<Ntry>
<Amt Ccy="CAD">0000000216142.64</Amt>
<CdtDbtInd>CRDT</CdtDbtInd>
<RvslInd>false</RvslInd>
<Sts>BOOK</Sts>
<ValDt>
<Dt>2026-07-02</Dt>
</ValDt>
<BkTxCd>
<Domn>
<Cd>PMNT</Cd>
<Fmly>
<Cd>RCDT</Cd>
<SubFmlyCd>BOOK</SubFmlyCd>
</Fmly>
</Domn>
</BkTxCd>
<NtryDtls>
<TxDtls>
<AddtlTxInf>CMO TRANSFER                  ,FROM: 00002/55-78515          </AddtlTxInf>
</TxDtls>
</NtryDtls>
</Ntry>
<Ntry>
<Amt Ccy="CAD">0000000118699.73</Amt>
<CdtDbtInd>CRDT</CdtDbtInd>
<RvslInd>false</RvslInd>
<Sts>BOOK</Sts>
<ValDt>
<Dt>2026-07-02</Dt>
</ValDt>
<BkTxCd>
<Domn>
<Cd>PMNT</Cd>
<Fmly>
<Cd>RCDT</Cd>
<SubFmlyCd>BOOK</SubFmlyCd>
</Fmly>
</Domn>
</BkTxCd>
<NtryDtls>
<TxDtls>
<AddtlTxInf>CMO TRANSFER                  ,FROM: 00002/55-78515          </AddtlTxInf>
</TxDtls>
</NtryDtls>
</Ntry>
<Ntry>
<Amt Ccy="CAD">0000000097758.05</Amt>
<CdtDbtInd>CRDT</CdtDbtInd>
<RvslInd>false</RvslInd>
<Sts>BOOK</Sts>
<ValDt>
<Dt>2026-07-02</Dt>
</ValDt>
<BkTxCd>
<Domn>
<Cd>PMNT</Cd>
<Fmly>
<Cd>RCDT</Cd>
<SubFmlyCd>BOOK</SubFmlyCd>
</Fmly>
</Domn>
</BkTxCd>
<NtryDtls>
<TxDtls>
<AddtlTxInf>CMO TRANSFER                  ,FROM: 00002/55-78515          </AddtlTxInf>
</TxDtls>
</NtryDtls>
</Ntry>
<Ntry>
<Amt Ccy="CAD">0000000048882.90</Amt>
<CdtDbtInd>CRDT</CdtDbtInd>
<RvslInd>false</RvslInd>
<Sts>BOOK</Sts>
<ValDt>
<Dt>2026-07-02</Dt>
</ValDt>
<BkTxCd>
<Domn>
<Cd>PMNT</Cd>
<Fmly>
<Cd>RCDT</Cd>
<SubFmlyCd>BOOK</SubFmlyCd>
</Fmly>
</Domn>
</BkTxCd>
<NtryDtls>
<TxDtls>
<AddtlTxInf>CMO TRANSFER                  ,FROM: 00002/55-78515          </AddtlTxInf>
</TxDtls>
</NtryDtls>
</Ntry>
<Ntry>
<Amt Ccy="CAD">0000000002860.98</Amt>
<CdtDbtInd>CRDT</CdtDbtInd>
<RvslInd>false</RvslInd>
<Sts>BOOK</Sts>
<ValDt>
<Dt>2026-07-02</Dt>
</ValDt>
<BkTxCd>
<Domn>
<Cd>ACMT</Cd>
<Fmly>
<Cd>MCOP</Cd>
<SubFmlyCd>INTR</SubFmlyCd>
</Fmly>
</Domn>
</BkTxCd>
<NtryDtls>
<TxDtls>
<AddtlTxInf>INTEREST                      ,STANDARD INTEREST             ,JUNE 2026                     </AddtlTxInf>
</TxDtls>
</NtryDtls>
</Ntry>
<Ntry>
<Amt Ccy="CAD">0000000001173.23</Amt>
<CdtDbtInd>CRDT</CdtDbtInd>
<RvslInd>false</RvslInd>
<Sts>BOOK</Sts>
<ValDt>
<Dt>2026-07-02</Dt>
</ValDt>
<BkTxCd>
<Domn>
<Cd>PMNT</Cd>
<Fmly>
<Cd>RCDT</Cd>
<SubFmlyCd>BOOK</SubFmlyCd>
</Fmly>
</Domn>
</BkTxCd>
<NtryDtls>
<TxDtls>
<AddtlTxInf>CMO TRANSFER                  </AddtlTxInf>
</TxDtls>
</NtryDtls>
</Ntry>
<Ntry>
<Amt Ccy="CAD">0000000001000.00</Amt>
<CdtDbtInd>CRDT</CdtDbtInd>
<RvslInd>false</RvslInd>
<Sts>BOOK</Sts>
<ValDt>
<Dt>2026-07-02</Dt>
</ValDt>
<BkTxCd>
<Domn>
<Cd>PMNT</Cd>
<Fmly>
<Cd>RCDT</Cd>
<SubFmlyCd>BOOK</SubFmlyCd>
</Fmly>
</Domn>
</BkTxCd>
<NtryDtls>
<TxDtls>
<AddtlTxInf>CMO TRANSFER                  ,FROM: 00002/55-78515          </AddtlTxInf>
</TxDtls>
</NtryDtls>
</Ntry>
<Ntry>
<Amt Ccy="CAD">0000000000750.61</Amt>
<CdtDbtInd>CRDT</CdtDbtInd>
<RvslInd>false</RvslInd>
<Sts>BOOK</Sts>
<ValDt>
<Dt>2026-07-02</Dt>
</ValDt>
<BkTxCd>
<Domn>
<Cd>PMNT</Cd>
<Fmly>
<Cd>RCDT</Cd>
<SubFmlyCd>BOOK</SubFmlyCd>
</Fmly>
</Domn>
</BkTxCd>
<NtryDtls>
<TxDtls>
<AddtlTxInf>CMO TRANSFER                  ,FROM: 00002/55-78515          </AddtlTxInf>
</TxDtls>
</NtryDtls>
</Ntry>
<Ntry>
<Amt Ccy="CAD">0000000000104.85</Amt>
<CdtDbtInd>CRDT</CdtDbtInd>
<RvslInd>false</RvslInd>
<Sts>BOOK</Sts>
<ValDt>
<Dt>2026-07-02</Dt>
</ValDt>
<BkTxCd>
<Domn>
<Cd>PMNT</Cd>
<Fmly>
<Cd>RCDT</Cd>
<SubFmlyCd>BOOK</SubFmlyCd>
</Fmly>
</Domn>
</BkTxCd>
<NtryDtls>
<TxDtls>
<AddtlTxInf>CMO TRANSFER                  ,FROM: 00002/55-78515          </AddtlTxInf>
</TxDtls>
</NtryDtls>
</Ntry>
</Stmt>
<Stmt>
<Id>000025578515BCC</Id>
<CreDtTm>2026-07-03T06:22:49</CreDtTm>
<Acct>
<Id>
<Othr>
<Id>000025578515</Id>
</Othr>
</Id>
</Acct>
<Bal>
<Tp>
<CdOrPrtry>
<Cd>CLBD</Cd>
</CdOrPrtry>
</Tp>
<Amt Ccy="CAD">0000030336613.70</Amt>
<CdtDbtInd>CRDT</CdtDbtInd>
<Dt>
<Dt>2026-07-02</Dt>
</Dt>
</Bal>
<Bal>
<Tp>
<CdOrPrtry>
<Cd>OPBD</Cd>
</CdOrPrtry>
</Tp>
<Amt Ccy="CAD">0000026020026.93</Amt>
<CdtDbtInd>CRDT</CdtDbtInd>
<Dt>
<Dt>2026-07-02</Dt>
</Dt>
</Bal>
<TxsSummry>
<TtlCdtNtries>
<NbOfNtries>00022</NbOfNtries>
<Sum>00005613580.51</Sum>
</TtlCdtNtries>
<TtlDbtNtries>
<NbOfNtries>00018</NbOfNtries>
<Sum>00001296993.74</Sum>
</TtlDbtNtries>
</TxsSummry>
<Ntry>
<Amt Ccy="CAD">0000000437882.25</Amt>
<CdtDbtInd>DBIT</CdtDbtInd>
<RvslInd>false</RvslInd>
<Sts>BOOK</Sts>
<ValDt>
<Dt>2026-07-02</Dt>
</ValDt>
<BkTxCd>
<Domn>
<Cd>ACMT</Cd>
<Fmly>
<Cd>MDOP</Cd>
<SubFmlyCd>OTHR</SubFmlyCd>
</Fmly>
</Domn>
</BkTxCd>
<NtryDtls>
<TxDtls>
<AddtlTxInf>DEBIT MEMO                    ,SETTLEMENT 6002               ,CIBC DATA CENTRE 01020        ,TN0000010604457633929326</AddtlTxInf>
</TxDtls>
</NtryDtls>
</Ntry>
<Ntry>
<Amt Ccy="CAD">0000000216142.64</Amt>
<CdtDbtInd>DBIT</CdtDbtInd>
<RvslInd>false</RvslInd>
<Sts>BOOK</Sts>
<ValDt>
<Dt>2026-07-02</Dt>
</ValDt>
<BkTxCd>
<Domn>
<Cd>PMNT</Cd>
<Fmly>
<Cd>ICDT</Cd>
<SubFmlyCd>BOOK</SubFmlyCd>
</Fmly>
</Domn>
</BkTxCd>
<NtryDtls>
<TxDtls>
<AddtlTxInf>CMO TRANSFER                  ,TO: 00002/55-78418            </AddtlTxInf>
</TxDtls>
</NtryDtls>
</Ntry>
<Ntry>
<Amt Ccy="CAD">0000000187506.78</Amt>
<CdtDbtInd>DBIT</CdtDbtInd>
<RvslInd>false</RvslInd>
<Sts>BOOK</Sts>
<ValDt>
<Dt>2026-07-02</Dt>
</ValDt>
<BkTxCd>
<Domn>
<Cd>ACMT</Cd>
<Fmly>
<Cd>MDOP</Cd>
<SubFmlyCd>OTHR</SubFmlyCd>
</Fmly>
</Domn>
</BkTxCd>
<NtryDtls>
<TxDtls>
<AddtlTxInf>DEBIT MEMO                    ,SETTLEMENT 3315               ,CIBC DATA CENTRE 01020        ,TN0000010203315633501202</AddtlTxInf>
</TxDtls>
</NtryDtls>
</Ntry>
<Ntry>
<Amt Ccy="CAD">0000000118699.73</Amt>
<CdtDbtInd>DBIT</CdtDbtInd>
<RvslInd>false</RvslInd>
<Sts>BOOK</Sts>
<ValDt>
<Dt>2026-07-02</Dt>
</ValDt>
<BkTxCd>
<Domn>
<Cd>PMNT</Cd>
<Fmly>
<Cd>ICDT</Cd>
<SubFmlyCd>BOOK</SubFmlyCd>
</Fmly>
</Domn>
</BkTxCd>
<NtryDtls>
<TxDtls>
<AddtlTxInf>CMO TRANSFER                  ,TO: 00002/55-78418            </AddtlTxInf>
</TxDtls>
</NtryDtls>
</Ntry>
<Ntry>
<Amt Ccy="CAD">0000000098201.56</Amt>
<CdtDbtInd>DBIT</CdtDbtInd>
<RvslInd>false</RvslInd>
<Sts>BOOK</Sts>
<ValDt>
<Dt>2026-07-02</Dt>
</ValDt>
<BkTxCd>
<Domn>
<Cd>PMNT</Cd>
<Fmly>
<Cd>ICDT</Cd>
<SubFmlyCd>DMCT</SubFmlyCd>
</Fmly>
</Domn>
</BkTxCd>
<NtryDtls>
<TxDtls>
<AddtlTxInf>WIRE PAYMENT4538014           ,FundServ Inc.                 </AddtlTxInf>
</TxDtls>
</NtryDtls>
</Ntry>
<Ntry>
<Amt Ccy="CAD">0000000097758.05</Amt>
<CdtDbtInd>DBIT</CdtDbtInd>
<RvslInd>false</RvslInd>
<Sts>BOOK</Sts>
<ValDt>
<Dt>2026-07-02</Dt>
</ValDt>
<BkTxCd>
<Domn>
<Cd>PMNT</Cd>
<Fmly>
<Cd>ICDT</Cd>
<SubFmlyCd>BOOK</SubFmlyCd>
</Fmly>
</Domn>
</BkTxCd>
<NtryDtls>
<TxDtls>
<AddtlTxInf>CMO TRANSFER                  ,TO: 00002/55-78418            </AddtlTxInf>
</TxDtls>
</NtryDtls>
</Ntry>
<Ntry>
<Amt Ccy="CAD">0000000084660.99</Amt>
<CdtDbtInd>DBIT</CdtDbtInd>
<RvslInd>false</RvslInd>
<Sts>BOOK</Sts>
<ValDt>
<Dt>2026-07-02</Dt>
</ValDt>
<BkTxCd>
<Domn>
<Cd>ACMT</Cd>
<Fmly>
<Cd>MDOP</Cd>
<SubFmlyCd>OTHR</SubFmlyCd>
</Fmly>
</Domn>
</BkTxCd>
<NtryDtls>
<TxDtls>
<AddtlTxInf>DEBIT MEMO                    ,SETTLEMENT 5999               ,CIBC DATA CENTRE 01020        ,TN0000010604455626813587</AddtlTxInf>
</TxDtls>
</NtryDtls>
</Ntry>
<Ntry>
<Amt Ccy="CAD">0000000048882.90</Amt>
<CdtDbtInd>DBIT</CdtDbtInd>
<RvslInd>false</RvslInd>
<Sts>BOOK</Sts>
<ValDt>
<Dt>2026-07-02</Dt>
</ValDt>
<BkTxCd>
<Domn>
<Cd>PMNT</Cd>
<Fmly>
<Cd>ICDT</Cd>
<SubFmlyCd>BOOK</SubFmlyCd>
</Fmly>
</Domn>
</BkTxCd>
<NtryDtls>
<TxDtls>
<AddtlTxInf>CMO TRANSFER                  ,TO: 00002/55-78418            </AddtlTxInf>
</TxDtls>
</NtryDtls>
</Ntry>
<Ntry>
<Amt Ccy="CAD">0000000003305.09</Amt>
<CdtDbtInd>DBIT</CdtDbtInd>
<RvslInd>false</RvslInd>
<Sts>BOOK</Sts>
<ValDt>
<Dt>2026-07-02</Dt>
</ValDt>
<BkTxCd>
<Domn>
<Cd>ACMT</Cd>
<Fmly>
<Cd>MDOP</Cd>
<SubFmlyCd>OTHR</SubFmlyCd>
</Fmly>
</Domn>
</BkTxCd>
<NtryDtls>
<TxDtls>
<AddtlTxInf>DEBIT MEMO                    ,SETTLEMENT 5998               ,CIBC DATA CENTRE 01020        ,TN0000010604453626813543</AddtlTxInf>
</TxDtls>
</NtryDtls>
</Ntry>
<Ntry>
<Amt Ccy="CAD">0000000001250.00</Amt>
<CdtDbtInd>DBIT</CdtDbtInd>
<RvslInd>false</RvslInd>
<Sts>BOOK</Sts>
<ValDt>
<Dt>2026-07-02</Dt>
</ValDt>
<BkTxCd>
<Domn>
<Cd>ACMT</Cd>
<Fmly>
<Cd>MDOP</Cd>
<SubFmlyCd>OTHR</SubFmlyCd>
</Fmly>
</Domn>
</BkTxCd>
<NtryDtls>
<TxDtls>
<AddtlTxInf>DEBIT MEMO                    ,SETTLEMENT 5998               ,CIBC DATA CENTRE 01020        ,TN0000010604452626813541</AddtlTxInf>
</TxDtls>
</NtryDtls>
</Ntry>
<Ntry>
<Amt Ccy="CAD">0000000001000.00</Amt>
<CdtDbtInd>DBIT</CdtDbtInd>
<RvslInd>false</RvslInd>
<Sts>BOOK</Sts>
<ValDt>
<Dt>2026-07-02</Dt>
</ValDt>
<BkTxCd>
<Domn>
<Cd>PMNT</Cd>
<Fmly>
<Cd>ICDT</Cd>
<SubFmlyCd>BOOK</SubFmlyCd>
</Fmly>
</Domn>
</BkTxCd>
<NtryDtls>
<TxDtls>
<AddtlTxInf>CMO TRANSFER                  ,TO: 00002/55-78418            </AddtlTxInf>
</TxDtls>
</NtryDtls>
</Ntry>
<Ntry>
<Amt Ccy="CAD">0000000000750.61</Amt>
<CdtDbtInd>DBIT</CdtDbtInd>
<RvslInd>false</RvslInd>
<Sts>BOOK</Sts>
<ValDt>
<Dt>2026-07-02</Dt>
</ValDt>
<BkTxCd>
<Domn>
<Cd>PMNT</Cd>
<Fmly>
<Cd>ICDT</Cd>
<SubFmlyCd>BOOK</SubFmlyCd>
</Fmly>
</Domn>
</BkTxCd>
<NtryDtls>
<TxDtls>
<AddtlTxInf>CMO TRANSFER                  ,TO: 00002/55-78418            </AddtlTxInf>
</TxDtls>
</NtryDtls>
</Ntry>
<Ntry>
<Amt Ccy="CAD">0000000000308.79</Amt>
<CdtDbtInd>DBIT</CdtDbtInd>
<RvslInd>false</RvslInd>
<Sts>BOOK</Sts>
<ValDt>
<Dt>2026-07-02</Dt>
</ValDt>
<BkTxCd>
<Domn>
<Cd>ACMT</Cd>
<Fmly>
<Cd>MDOP</Cd>
<SubFmlyCd>OTHR</SubFmlyCd>
</Fmly>
</Domn>
</BkTxCd>
<NtryDtls>
<TxDtls>
<AddtlTxInf>DEBIT MEMO                    ,SETTLEMENT 5993               ,CIBC DATA CENTRE 01020        ,TN0000010604447620374960</AddtlTxInf>
</TxDtls>
</NtryDtls>
</Ntry>
<Ntry>
<Amt Ccy="CAD">0000000000300.00</Amt>
<CdtDbtInd>DBIT</CdtDbtInd>
<RvslInd>false</RvslInd>
<Sts>BOOK</Sts>
<ValDt>
<Dt>2026-07-02</Dt>
</ValDt>
<BkTxCd>
<Domn>
<Cd>PMNT</Cd>
<Fmly>
<Cd>RCDT</Cd>
<SubFmlyCd>ARET</SubFmlyCd>
</Fmly>
</Domn>
</BkTxCd>
<NtryDtls>
<TxDtls>
<AddtlTxInf>EFT RETURNED ITEM             ,AGORA DEALER SERVICES         ,,TN0102003202106605301059</AddtlTxInf>
</TxDtls>
</NtryDtls>
</Ntry>
<Ntry>
<Amt Ccy="CAD">0000000000194.00</Amt>
<CdtDbtInd>DBIT</CdtDbtInd>
<RvslInd>false</RvslInd>
<Sts>BOOK</Sts>
<ValDt>
<Dt>2026-06-30</Dt>
</ValDt>
<BkTxCd>
<Domn>
<Cd>ACMT</Cd>
<Fmly>
<Cd>MCOP</Cd>
<SubFmlyCd>FEES</SubFmlyCd>
</Fmly>
</Domn>
</BkTxCd>
<NtryDtls>
<TxDtls>
<AddtlTxInf>SERVICE CHARGE                ,SELF-SERVICE                  </AddtlTxInf>
</TxDtls>
</NtryDtls>
</Ntry>
<Ntry>
<Amt Ccy="CAD">0000000000104.85</Amt>
<CdtDbtInd>DBIT</CdtDbtInd>
<RvslInd>false</RvslInd>
<Sts>BOOK</Sts>
<ValDt>
<Dt>2026-07-02</Dt>
</ValDt>
<BkTxCd>
<Domn>
<Cd>PMNT</Cd>
<Fmly>
<Cd>ICDT</Cd>
<SubFmlyCd>BOOK</SubFmlyCd>
</Fmly>
</Domn>
</BkTxCd>
<NtryDtls>
<TxDtls>
<AddtlTxInf>CMO TRANSFER                  ,TO: 00002/55-78418            </AddtlTxInf>
</TxDtls>
</NtryDtls>
</Ntry>
<Ntry>
<Amt Ccy="CAD">0000000000044.25</Amt>
<CdtDbtInd>DBIT</CdtDbtInd>
<RvslInd>false</RvslInd>
<Sts>BOOK</Sts>
<ValDt>
<Dt>2026-06-30</Dt>
</ValDt>
<BkTxCd>
<Domn>
<Cd>ACMT</Cd>
<Fmly>
<Cd>MCOP</Cd>
<SubFmlyCd>FEES</SubFmlyCd>
</Fmly>
</Domn>
</BkTxCd>
<NtryDtls>
<TxDtls>
<AddtlTxInf>DEPOSIT CONTENT ITEM FEE      ,177 AT .25                    ,177.0                         </AddtlTxInf>
</TxDtls>
</NtryDtls>
</Ntry>
<Ntry>
<Amt Ccy="CAD">0000000000001.25</Amt>
<CdtDbtInd>DBIT</CdtDbtInd>
<RvslInd>false</RvslInd>
<Sts>BOOK</Sts>
<ValDt>
<Dt>2026-06-30</Dt>
</ValDt>
<BkTxCd>
<Domn>
<Cd>ACMT</Cd>
<Fmly>
<Cd>MCOP</Cd>
<SubFmlyCd>FEES</SubFmlyCd>
</Fmly>
</Domn>
</BkTxCd>
<NtryDtls>
<TxDtls>
<AddtlTxInf>SERVICE CHARGE                ,FULL-SERVICE                  </AddtlTxInf>
</TxDtls>
</NtryDtls>
</Ntry>
<Ntry>
<Amt Ccy="CAD">0000002087886.92</Amt>
<CdtDbtInd>CRDT</CdtDbtInd>
<RvslInd>false</RvslInd>
<Sts>BOOK</Sts>
<ValDt>
<Dt>2026-07-02</Dt>
</ValDt>
<BkTxCd>
<Domn>
<Cd>PMNT</Cd>
<Fmly>
<Cd>RCDT</Cd>
<SubFmlyCd>DMCT</SubFmlyCd>
</Fmly>
</Domn>
</BkTxCd>
<NtryDtls>
<TxDtls>
<AddtlTxInf>WIRE TSF 0223934              ,FUNDSERV INC                  </AddtlTxInf>
</TxDtls>
</NtryDtls>
</Ntry>
<Ntry>
<Amt Ccy="CAD">0000001700663.27</Amt>
<CdtDbtInd>CRDT</CdtDbtInd>
<RvslInd>false</RvslInd>
<Sts>BOOK</Sts>
<ValDt>
<Dt>2026-07-02</Dt>
</ValDt>
<BkTxCd>
<Domn>
<Cd>PMNT</Cd>
<Fmly>
<Cd>RCDT</Cd>
<SubFmlyCd>DMCT</SubFmlyCd>
</Fmly>
</Domn>
</BkTxCd>
<NtryDtls>
<TxDtls>
<AddtlTxInf>WIRE TSF 0222858              ,FUNDSERV INC                  </AddtlTxInf>
</TxDtls>
</NtryDtls>
</Ntry>
<Ntry>
<Amt Ccy="CAD">0000001023588.97</Amt>
<CdtDbtInd>CRDT</CdtDbtInd>
<RvslInd>false</RvslInd>
<Sts>BOOK</Sts>
<ValDt>
<Dt>2026-07-02</Dt>
</ValDt>
<BkTxCd>
<Domn>
<Cd>ACMT</Cd>
<Fmly>
<Cd>MCOP</Cd>
<SubFmlyCd>OTHR</SubFmlyCd>
</Fmly>
</Domn>
</BkTxCd>
<NtryDtls>
<TxDtls>
<AddtlTxInf>CREDIT MEMO                   ,SETTLEMENT 6001               ,CIBC DATA CENTRE 01020        ,TN0000010603148633502160</AddtlTxInf>
</TxDtls>
</NtryDtls>
</Ntry>
<Ntry>
<Amt Ccy="CAD">0000000356355.34</Amt>
<CdtDbtInd>CRDT</CdtDbtInd>
<RvslInd>false</RvslInd>
<Sts>BOOK</Sts>
<ValDt>
<Dt>2026-07-02</Dt>
</ValDt>
<BkTxCd>
<Domn>
<Cd>ACMT</Cd>
<Fmly>
<Cd>MCOP</Cd>
<SubFmlyCd>OTHR</SubFmlyCd>
</Fmly>
</Domn>
</BkTxCd>
<NtryDtls>
<TxDtls>
<AddtlTxInf>CREDIT MEMO                   ,SETTLEMENT 6003               ,CIBC DATA CENTRE 01020        ,TN0000010603149633502669</AddtlTxInf>
</TxDtls>
</NtryDtls>
</Ntry>
<Ntry>
<Amt Ccy="CAD">0000000133143.68</Amt>
<CdtDbtInd>CRDT</CdtDbtInd>
<RvslInd>false</RvslInd>
<Sts>BOOK</Sts>
<ValDt>
<Dt>2026-07-02</Dt>
</ValDt>
<BkTxCd>
<Domn>
<Cd>PMNT</Cd>
<Fmly>
<Cd>CNTR</Cd>
<SubFmlyCd>MIXD</SubFmlyCd>
</Fmly>
</Domn>
</BkTxCd>
<NtryDtls>
<TxDtls>
<AddtlTxInf>INSTANT TELLER DEPOSIT 4C2U   ,4506*********696              </AddtlTxInf>
</TxDtls>
</NtryDtls>
</Ntry>
<Ntry>
<Amt Ccy="CAD">0000000094550.82</Amt>
<CdtDbtInd>CRDT</CdtDbtInd>
<RvslInd>false</RvslInd>
<Sts>BOOK</Sts>
<ValDt>
<Dt>2026-07-02</Dt>
</ValDt>
<BkTxCd>
<Domn>
<Cd>PMNT</Cd>
<Fmly>
<Cd>RCDT</Cd>
<SubFmlyCd>APAC</SubFmlyCd>
</Fmly>
</Domn>
</BkTxCd>
<NtryDtls>
<TxDtls>
<AddtlTxInf>MISCELLANEOUS PAYMENT         ,HMB 5583582                   ,,TN0102001207732000058027</AddtlTxInf>
</TxDtls>
</NtryDtls>
</Ntry>
<Ntry>
<Amt Ccy="CAD">0000000048882.90</Amt>
<CdtDbtInd>CRDT</CdtDbtInd>
<RvslInd>false</RvslInd>
<Sts>BOOK</Sts>
<ValDt>
<Dt>2026-07-02</Dt>
</ValDt>
<BkTxCd>
<Domn>
<Cd>PMNT</Cd>
<Fmly>
<Cd>RCDT</Cd>
<SubFmlyCd>DMCT</SubFmlyCd>
</Fmly>
</Domn>
</BkTxCd>
<NtryDtls>
<TxDtls>
<AddtlTxInf>WIRE TSF 0278946              ,AGORA DEALER SERVICES CORP.   ,INTEREST PAYMENT              </AddtlTxInf>
</TxDtls>
</NtryDtls>
</Ntry>
<Ntry>
<Amt Ccy="CAD">0000000043458.94</Amt>
<CdtDbtInd>CRDT</CdtDbtInd>
<RvslInd>false</RvslInd>
<Sts>BOOK</Sts>
<ValDt>
<Dt>2026-07-02</Dt>
</ValDt>
<BkTxCd>
<Domn>
<Cd>ACMT</Cd>
<Fmly>
<Cd>MCOP</Cd>
<SubFmlyCd>INTR</SubFmlyCd>
</Fmly>
</Domn>
</BkTxCd>
<NtryDtls>
<TxDtls>
<AddtlTxInf>INTEREST                      ,STANDARD INTEREST             ,JUNE 2026                     </AddtlTxInf>
</TxDtls>
</NtryDtls>
</Ntry>
<Ntry>
<Amt Ccy="CAD">0000000040000.00</Amt>
<CdtDbtInd>CRDT</CdtDbtInd>
<RvslInd>false</RvslInd>
<Sts>BOOK</Sts>
<ValDt>
<Dt>2026-07-02</Dt>
</ValDt>
<BkTxCd>
<Domn>
<Cd>PMNT</Cd>
<Fmly>
<Cd>RCDT</Cd>
<SubFmlyCd>APAC</SubFmlyCd>
</Fmly>
</Domn>
</BkTxCd>
<NtryDtls>
<TxDtls>
<AddtlTxInf>MISCELLANEOUS PAYMENT         ,EDI 45672780DT4               ,BANK OF MONTREAL - TBPS       ,TN0000010200000631902756</AddtlTxInf>
</TxDtls>
</NtryDtls>
</Ntry>
<Ntry>
<Amt Ccy="CAD">0000000035000.00</Amt>
<CdtDbtInd>CRDT</CdtDbtInd>
<RvslInd>false</RvslInd>
<Sts>BOOK</Sts>
<ValDt>
<Dt>2026-07-02</Dt>
</ValDt>
<BkTxCd>
<Domn>
<Cd>PMNT</Cd>
<Fmly>
<Cd>RCDT</Cd>
<SubFmlyCd>APAC</SubFmlyCd>
</Fmly>
</Domn>
</BkTxCd>
<NtryDtls>
<TxDtls>
<AddtlTxInf>MISCELLANEOUS PAYMENT         ,EDI 45672780B1P               ,BANK OF MONTREAL - TBPS       ,TN0000010200000631902755</AddtlTxInf>
</TxDtls>
</NtryDtls>
</Ntry>
<Ntry>
<Amt Ccy="CAD">0000000024074.10</Amt>
<CdtDbtInd>CRDT</CdtDbtInd>
<RvslInd>false</RvslInd>
<Sts>BOOK</Sts>
<ValDt>
<Dt>2026-07-02</Dt>
</ValDt>
<BkTxCd>
<Domn>
<Cd>PMNT</Cd>
<Fmly>
<Cd>RCDT</Cd>
<SubFmlyCd>APAC</SubFmlyCd>
</Fmly>
</Domn>
</BkTxCd>
<NtryDtls>
<TxDtls>
<AddtlTxInf>MISCELLANEOUS PAYMENT         ,HTC 5583594                   ,,TN0102001207732000096245</AddtlTxInf>
</TxDtls>
</NtryDtls>
</Ntry>
<Ntry>
<Amt Ccy="CAD">0000000010000.00</Amt>
<CdtDbtInd>CRDT</CdtDbtInd>
<RvslInd>false</RvslInd>
<Sts>BOOK</Sts>
<ValDt>
<Dt>2026-07-02</Dt>
</ValDt>
<BkTxCd>
<Domn>
<Cd>PMNT</Cd>
<Fmly>
<Cd>RCDT</Cd>
<SubFmlyCd>APAC</SubFmlyCd>
</Fmly>
</Domn>
</BkTxCd>
<NtryDtls>
<TxDtls>
<AddtlTxInf>MISCELLANEOUS PAYMENT         ,EDI **618112607               ,CIBCABP                       ,TN0000010200000629875413</AddtlTxInf>
</TxDtls>
</NtryDtls>
</Ntry>
<Ntry>
<Amt Ccy="CAD">0000000007644.64</Amt>
<CdtDbtInd>CRDT</CdtDbtInd>
<RvslInd>false</RvslInd>
<Sts>BOOK</Sts>
<ValDt>
<Dt>2026-07-02</Dt>
</ValDt>
<BkTxCd>
<Domn>
<Cd>PMNT</Cd>
<Fmly>
<Cd>RCDT</Cd>
<SubFmlyCd>APAC</SubFmlyCd>
</Fmly>
</Domn>
</BkTxCd>
<NtryDtls>
<TxDtls>
<AddtlTxInf>MISCELLANEOUS PAYMENT         ,HTC 5854872                   ,,TN0102001207732000096246</AddtlTxInf>
</TxDtls>
</NtryDtls>
</Ntry>
<Ntry>
<Amt Ccy="CAD">0000000004513.08</Amt>
<CdtDbtInd>CRDT</CdtDbtInd>
<RvslInd>false</RvslInd>
<Sts>BOOK</Sts>
<ValDt>
<Dt>2026-07-02</Dt>
</ValDt>
<BkTxCd>
<Domn>
<Cd>PMNT</Cd>
<Fmly>
<Cd>RCDT</Cd>
<SubFmlyCd>APAC</SubFmlyCd>
</Fmly>
</Domn>
</BkTxCd>
<NtryDtls>
<TxDtls>
<AddtlTxInf>MISCELLANEOUS PAYMENT         ,HTC 10000466760               ,,TN0102001207735000339680</AddtlTxInf>
</TxDtls>
</NtryDtls>
</Ntry>
<Ntry>
<Amt Ccy="CAD">0000000002000.00</Amt>
<CdtDbtInd>CRDT</CdtDbtInd>
<RvslInd>false</RvslInd>
<Sts>BOOK</Sts>
<ValDt>
<Dt>2026-07-02</Dt>
</ValDt>
<BkTxCd>
<Domn>
<Cd>ACMT</Cd>
<Fmly>
<Cd>MCOP</Cd>
<SubFmlyCd>OTHR</SubFmlyCd>
</Fmly>
</Domn>
</BkTxCd>
<NtryDtls>
<TxDtls>
<AddtlTxInf>CREDIT MEMO                   ,SETTLEMENT 6005               ,CIBC DATA CENTRE 01020        ,TN0000010603150634213432</AddtlTxInf>
</TxDtls>
</NtryDtls>
</Ntry>
<Ntry>
<Amt Ccy="CAD">0000000001023.50</Amt>
<CdtDbtInd>CRDT</CdtDbtInd>
<RvslInd>false</RvslInd>
<Sts>BOOK</Sts>
<ValDt>
<Dt>2026-07-02</Dt>
</ValDt>
<BkTxCd>
<Domn>
<Cd>PMNT</Cd>
<Fmly>
<Cd>RCDT</Cd>
<SubFmlyCd>APAC</SubFmlyCd>
</Fmly>
</Domn>
</BkTxCd>
<NtryDtls>
<TxDtls>
<AddtlTxInf>MISCELLANEOUS PAYMENT         ,HTC 5583598                   ,,TN0102001207732000096253</AddtlTxInf>
</TxDtls>
</NtryDtls>
</Ntry>
<Ntry>
<Amt Ccy="CAD">0000000000350.00</Amt>
<CdtDbtInd>CRDT</CdtDbtInd>
<RvslInd>false</RvslInd>
<Sts>BOOK</Sts>
<ValDt>
<Dt>2026-07-02</Dt>
</ValDt>
<BkTxCd>
<Domn>
<Cd>PMNT</Cd>
<Fmly>
<Cd>RCDT</Cd>
<SubFmlyCd>APAC</SubFmlyCd>
</Fmly>
</Domn>
</BkTxCd>
<NtryDtls>
<TxDtls>
<AddtlTxInf>MISCELLANEOUS PAYMENT         ,EDI **618340835               ,BMOCORP                       ,TN0000010200000631904682</AddtlTxInf>
</TxDtls>
</NtryDtls>
</Ntry>
<Ntry>
<Amt Ccy="CAD">0000000000194.00</Amt>
<CdtDbtInd>CRDT</CdtDbtInd>
<RvslInd>false</RvslInd>
<Sts>BOOK</Sts>
<ValDt>
<Dt>2026-06-30</Dt>
</ValDt>
<BkTxCd>
<Domn>
<Cd>ACMT</Cd>
<Fmly>
<Cd>MCOP</Cd>
<SubFmlyCd>FEES</SubFmlyCd>
</Fmly>
</Domn>
</BkTxCd>
<NtryDtls>
<TxDtls>
<AddtlTxInf>SERVICE CHARGE                ,SELF-SERVICE                  </AddtlTxInf>
</TxDtls>
</NtryDtls>
</Ntry>
<Ntry>
<Amt Ccy="CAD">0000000000104.85</Amt>
<CdtDbtInd>CRDT</CdtDbtInd>
<RvslInd>false</RvslInd>
<Sts>BOOK</Sts>
<ValDt>
<Dt>2026-07-02</Dt>
</ValDt>
<BkTxCd>
<Domn>
<Cd>PMNT</Cd>
<Fmly>
<Cd>RCDT</Cd>
<SubFmlyCd>APAC</SubFmlyCd>
</Fmly>
</Domn>
</BkTxCd>
<NtryDtls>
<TxDtls>
<AddtlTxInf>MISCELLANEOUS PAYMENT         ,26183104945056                ,FONDATION R-V/Remb dépenses   ,TN0101815100221000037565</AddtlTxInf>
</TxDtls>
</NtryDtls>
</Ntry>
<Ntry>
<Amt Ccy="CAD">0000000000100.00</Amt>
<CdtDbtInd>CRDT</CdtDbtInd>
<RvslInd>false</RvslInd>
<Sts>BOOK</Sts>
<ValDt>
<Dt>2026-07-02</Dt>
</ValDt>
<BkTxCd>
<Domn>
<Cd>PMNT</Cd>
<Fmly>
<Cd>RCDT</Cd>
<SubFmlyCd>APAC</SubFmlyCd>
</Fmly>
</Domn>
</BkTxCd>
<NtryDtls>
<TxDtls>
<AddtlTxInf>MISCELLANEOUS PAYMENT         ,EDI 12238517959               ,ROYAL DIRECT                  ,TN0000010200000631903306</AddtlTxInf>
</TxDtls>
</NtryDtls>
</Ntry>
<Ntry>
<Amt Ccy="CAD">0000000000044.25</Amt>
<CdtDbtInd>CRDT</CdtDbtInd>
<RvslInd>false</RvslInd>
<Sts>BOOK</Sts>
<ValDt>
<Dt>2026-06-30</Dt>
</ValDt>
<BkTxCd>
<Domn>
<Cd>ACMT</Cd>
<Fmly>
<Cd>MCOP</Cd>
<SubFmlyCd>FEES</SubFmlyCd>
</Fmly>
</Domn>
</BkTxCd>
<NtryDtls>
<TxDtls>
<AddtlTxInf>SERVICE CHARGE TRANSFER       ,177 AT .25                    ,177.0                         </AddtlTxInf>
</TxDtls>
</NtryDtls>
</Ntry>
<Ntry>
<Amt Ccy="CAD">0000000000001.25</Amt>
<CdtDbtInd>CRDT</CdtDbtInd>
<RvslInd>false</RvslInd>
<Sts>BOOK</Sts>
<ValDt>
<Dt>2026-06-30</Dt>
</ValDt>
<BkTxCd>
<Domn>
<Cd>ACMT</Cd>
<Fmly>
<Cd>MCOP</Cd>
<SubFmlyCd>FEES</SubFmlyCd>
</Fmly>
</Domn>
</BkTxCd>
<NtryDtls>
<TxDtls>
<AddtlTxInf>SERVICE CHARGE                ,FULL-SERVICE                  </AddtlTxInf>
</TxDtls>
</NtryDtls>
</Ntry>
</Stmt>
<Stmt>
<Id>000020385212BCC</Id>
<CreDtTm>2026-07-03T06:22:49</CreDtTm>
<Acct>
<Id>
<Othr>
<Id>000020385212</Id>
</Othr>
</Id>
</Acct>
<Bal>
<Tp>
<CdOrPrtry>
<Cd>CLBD</Cd>
</CdOrPrtry>
</Tp>
<Amt Ccy="USD">0000000738534.77</Amt>
<CdtDbtInd>CRDT</CdtDbtInd>
<Dt>
<Dt>2026-07-02</Dt>
</Dt>
</Bal>
<Bal>
<Tp>
<CdOrPrtry>
<Cd>OPBD</Cd>
</CdOrPrtry>
</Tp>
<Amt Ccy="USD">0000000736602.60</Amt>
<CdtDbtInd>CRDT</CdtDbtInd>
<Dt>
<Dt>2026-07-02</Dt>
</Dt>
</Bal>
<TxsSummry>
<TtlCdtNtries>
<NbOfNtries>00004</NbOfNtries>
<Sum>00000002799.67</Sum>
</TtlCdtNtries>
<TtlDbtNtries>
<NbOfNtries>00004</NbOfNtries>
<Sum>00000000867.50</Sum>
</TtlDbtNtries>
</TxsSummry>
<Ntry>
<Amt Ccy="USD">0000000000846.00</Amt>
<CdtDbtInd>DBIT</CdtDbtInd>
<RvslInd>false</RvslInd>
<Sts>BOOK</Sts>
<ValDt>
<Dt>2026-07-02</Dt>
</ValDt>
<BkTxCd>
<Domn>
<Cd>PMNT</Cd>
<Fmly>
<Cd>ICDT</Cd>
<SubFmlyCd>BOOK</SubFmlyCd>
</Fmly>
</Domn>
</BkTxCd>
<NtryDtls>
<TxDtls>
<AddtlTxInf>CMO TRANSFER                  </AddtlTxInf>
</TxDtls>
</NtryDtls>
</Ntry>
<Ntry>
<Amt Ccy="USD">0000000000011.00</Amt>
<CdtDbtInd>DBIT</CdtDbtInd>
<RvslInd>false</RvslInd>
<Sts>BOOK</Sts>
<ValDt>
<Dt>2026-06-30</Dt>
</ValDt>
<BkTxCd>
<Domn>
<Cd>ACMT</Cd>
<Fmly>
<Cd>MCOP</Cd>
<SubFmlyCd>FEES</SubFmlyCd>
</Fmly>
</Domn>
</BkTxCd>
<NtryDtls>
<TxDtls>
<AddtlTxInf>SERVICE CHARGE                ,SELF-SERVICE                  </AddtlTxInf>
</TxDtls>
</NtryDtls>
</Ntry>
<Ntry>
<Amt Ccy="USD">0000000000008.00</Amt>
<CdtDbtInd>DBIT</CdtDbtInd>
<RvslInd>false</RvslInd>
<Sts>BOOK</Sts>
<ValDt>
<Dt>2026-06-30</Dt>
</ValDt>
<BkTxCd>
<Domn>
<Cd>ACMT</Cd>
<Fmly>
<Cd>MCOP</Cd>
<SubFmlyCd>FEES</SubFmlyCd>
</Fmly>
</Domn>
</BkTxCd>
<NtryDtls>
<TxDtls>
<AddtlTxInf>ACCOUNT FEE                   </AddtlTxInf>
</TxDtls>
</NtryDtls>
</Ntry>
<Ntry>
<Amt Ccy="USD">0000000000002.50</Amt>
<CdtDbtInd>DBIT</CdtDbtInd>
<RvslInd>false</RvslInd>
<Sts>BOOK</Sts>
<ValDt>
<Dt>2026-06-30</Dt>
</ValDt>
<BkTxCd>
<Domn>
<Cd>ACMT</Cd>
<Fmly>
<Cd>MCOP</Cd>
<SubFmlyCd>FEES</SubFmlyCd>
</Fmly>
</Domn>
</BkTxCd>
<NtryDtls>
<TxDtls>
<AddtlTxInf>WALLET DEPOSIT FEE            ,PER ACCT / PER MONTH          ,1.0                           </AddtlTxInf>
</TxDtls>
</NtryDtls>
</Ntry>
<Ntry>
<Amt Ccy="USD">0000000001890.02</Amt>
<CdtDbtInd>CRDT</CdtDbtInd>
<RvslInd>false</RvslInd>
<Sts>BOOK</Sts>
<ValDt>
<Dt>2026-07-02</Dt>
</ValDt>
<BkTxCd>
<Domn>
<Cd>ACMT</Cd>
<Fmly>
<Cd>MCOP</Cd>
<SubFmlyCd>INTR</SubFmlyCd>
</Fmly>
</Domn>
</BkTxCd>
<NtryDtls>
<TxDtls>
<AddtlTxInf>INTEREST                      ,STANDARD INTEREST             ,JUNE 2026                     </AddtlTxInf>
</TxDtls>
</NtryDtls>
</Ntry>
<Ntry>
<Amt Ccy="USD">0000000000846.00</Amt>
<CdtDbtInd>CRDT</CdtDbtInd>
<RvslInd>false</RvslInd>
<Sts>BOOK</Sts>
<ValDt>
<Dt>2026-07-02</Dt>
</ValDt>
<BkTxCd>
<Domn>
<Cd>PMNT</Cd>
<Fmly>
<Cd>RCDT</Cd>
<SubFmlyCd>DMCT</SubFmlyCd>
</Fmly>
</Domn>
</BkTxCd>
<NtryDtls>
<TxDtls>
<AddtlTxInf>WIRE TSF 0276413              ,AGORA DEALER SERVICES CORP.   ,INTEREST PAYMENT              </AddtlTxInf>
</TxDtls>
</NtryDtls>
</Ntry>
<Ntry>
<Amt Ccy="USD">0000000000058.57</Amt>
<CdtDbtInd>CRDT</CdtDbtInd>
<RvslInd>false</RvslInd>
<Sts>BOOK</Sts>
<ValDt>
<Dt>2026-07-02</Dt>
</ValDt>
<BkTxCd>
<Domn>
<Cd>PMNT</Cd>
<Fmly>
<Cd>RCDT</Cd>
<SubFmlyCd>DMCT</SubFmlyCd>
</Fmly>
</Domn>
</BkTxCd>
<NtryDtls>
<TxDtls>
<AddtlTxInf>WIRE TSF 0222737              ,FUNDSERV INC                  </AddtlTxInf>
</TxDtls>
</NtryDtls>
</Ntry>
<Ntry>
<Amt Ccy="USD">0000000000005.08</Amt>
<CdtDbtInd>CRDT</CdtDbtInd>
<RvslInd>false</RvslInd>
<Sts>BOOK</Sts>
<ValDt>
<Dt>2026-07-02</Dt>
</ValDt>
<BkTxCd>
<Domn>
<Cd>PMNT</Cd>
<Fmly>
<Cd>RCDT</Cd>
<SubFmlyCd>DMCT</SubFmlyCd>
</Fmly>
</Domn>
</BkTxCd>
<NtryDtls>
<TxDtls>
<AddtlTxInf>WIRE TSF 0222773              ,FUNDSERV INC                  </AddtlTxInf>
</TxDtls>
</NtryDtls>
</Ntry>
</Stmt>
</BkToCstmrStmt>
</Document>
